2654 4334
264 297 347 354 esu
369 295 535 368 coucrr..
555 289 945 364 surnruuovarun
1039 299 1117 373 pne

81 447 230 508 sumatur,
254 435 308 495 nisi
328 437 365 496 sit
387 436 507 506 idoneus
525 437 664 510 moribus,
688 439 809 500 scicntia
827 450 858 500 et
875 451 987 514 aetate;
1015 439 1117 504 decer-

85 535 202 594 nentes,
222 522 393 582 collationes
407 521 444 582 de
462 523 676 602 parochialibus
694 525 827 595 ecclesiis
844 526 890 598 iis,
910 527 957 606 qui
976 546 1032 584 nou
1051 527 1118 588 atti·
1181 559 1184 572 «

85 611 188 688 gerint
205 609 371 685 vigesimum
390 610 515 687 quintum
534 627 647 680 annum,
668 607 703 668 dc
723 619 822 668 cetero
845 609 994 671 iaciendas
1010 611 1118 672 viribus

88 695 207 760 omuino
227 712 338 754 carere.
375 693 402 752 ls
421 695 522 765 ctiam,
547 694 594 772 qui
612 691 649 752 ad
667 690 974 774 huiusmodireginen
993 715 1119 770 assume·

85 791 150 851 tur,
178 788 211 838 ut
236 779 333 856 gregis
356 779 409 838 sibi
433 777 537 838 crediti
559 777 725 856 diligentius
743 799 839 841 curam
859 799 999 860 quaerere
1017 783 1117 860 possit,

82 868 118 926 in
138 863 298 944 parochiali
317 864 452 934 ecclesia,
476 865 556 925 cuius
573 874 672 924 rector
689 866 714 924 is
732 863 884 938 exstiterit,
904 865 1033 928 recidero
1051 885 1118 945 per*

87 951 232 1010 sonaliter
249 957 394 1020 teneatur,
419 960 449 1009 et
467 951 542 1009 intra
560 968 677 1021 annum,
701 951 791 1010 asibi
810 953 953 1012 commissi
970 953 1118 1030 regiminis
1159 945 1162 952 ’

87 1047 221 1114 tompore
249 1033 461 1107 numerandum,
489 1054 520 1094 se
548 1035 637 1093 iaciat
663 1033 698 1094 ad
728 1035 920 1096 sacerdotium
943 1039 1116 1116 promoveri.
1157 1057 1173 1068 ·¹

85 1118 175 1194 Quod
194 1121 219 1178 si
238 1121 313 1178 intra
331 1118 406 1180 idem
424 1130 536 1199 ternpus
557 1131 704 1198 promotus
729 1140 784 1180 non
803 1123 900 1194 luerit,
920 1117 1045 1184 ccclesia
1064 1123 1118 1181 sibi
1132 1135 1169 1176 att

86 1207 243 1266 commissa
263 1204 446 1278 (nullaetiam
456 1206 613 1284 praemissa
627 1206 795 1280 monitione)
815 1208 852 1266 sit
869 1210 1030 1288 praesentis
1049 1227 1119 1266 con-

87 1291 246 1350 stitutionis
260 1292 433 1350 auctoritate
445 1292 583 1370 privatus.
617 1288 711 1369 Super
724 1289 882 1351 residentia
895 1281 981 1364 vero,
995 1303 1026 1352 ut
1035 1312 1119 1372 prae-

87 1377 225 1446 mittitur,
254 1374 386 1434 facicnda
408 1377 500 1456 possit
522 1374 683 1435 ordinarius
705 1377 825 1456 gratiam
845 1375 1064 1458 dispensationis
1082 1377 1117 1438 ad

87 1473 203 1541 tempus
221 1461 334 1533 lacere,
352 1471 439 1541 prout
457 1480 542 1520 causa
561 1460 739 1520 rationabilis
757 1459 786 1520 id
805 1463 946 1543 exposcit.
1006 1511 1010 1516 ,
1193 1455 1214 1477 ’“

197 1611 413 1696 suasorius
431 1613 468 1672 X.
489 1613 531 1673 ΙΝ
549 1611 731 1675 GONGlLlO
749 1611 1011 1673 LUGDUNllNSl.

89 1719 95 1722 “
142 1715 184 1764 Ex
193 1719 276 1766 Sexto
287 1717 460 1764 Decrctelium
471 1717 512 1764 lib.
522 1721 551 1780 l.‚
565 1718 605 1766 tit.
615 1717 683 1765 XVl.
694 1717 724 1763 de
733 1716 819 1765 officio
830 1717 961 1778 ordinarii,
978 1730 1033 1778 cap.
1044 1719 1066 1765 ³.

408 1795 482 1848 (Scor.
493 1793 548 1838 Vll.
565 1796 593 1838 do
603 1793 697 1838 reform.
709 1807 760 1850 cap.
769 1795 801 1848 b.)

179 1885 322 1946 Ordiuarii
342 1887 471 1946 locorum
490 1883 618 1945 subditos
637 1905 703 1944 suos
721 1886 817 1964 plures
836 1882 991 1964 dignitates
1009 1887 1054 1945 vel
1070 1905 1119 1945 ec-

87 1973 207 2044 clesias,
226 1972 325 2052 quibus
344 1974 498 2032 animarum
519 1989 588 2030 cura
605 1971 740 2042 imminet,
762 1970 933 2041 obtinentes,
953 1989 1003 2030 seu
1019 1990 1119 2049 perso·

88 2069 186 2117 natum
206 2069 255 2116 ant
273 2057 439 2136 dignitatem
459 2075 521 2117 cum
544 2056 601 2114 alio
624 2055 781 2126 beneficio,
806 2057 852 2114 cui
872 2074 940 2114 cura
959 2055 1056 2114 similis
1076 2067 1121 2116 cst

85 2163 218 2214 annexa,
247 2141 375 2203 districte
395 2141 567 2221 compellant
589 2138 830 2220 dispensationes,
858 2141 1031 2200 anctoritate
1051 2160 1120 2220 qua·

88 2250 152 2289 rum
172 2227 332 2288 huiusmodi
351 2225 505 2300 ecclesias,
532 2237 701 2308 personatus
728 2245 779 2285 sen
802 2224 956 2303 dignitates
980 2229 1119 2287 canonice

88 2326 193 2374 tenere
212 2333 243 2372 se
263 2323 402 2386 asserunt,
431 2315 506 2372 intra
534 2323 643 2391 tempus
665 2331 717 2390 pro
741 2313 810 2370 facti
833 2311 969 2391 qualitate
993 2311 1119 2391 ipsorum

89 2399 302 2459 ordinariorum
329 2395 533 2457 moderandum
556 2397 676 2456 arbitrio
704 2396 851 2456 exhibere.
890 2394 972 2470 Quod
995 2398 1019 2455 si
1042 2398 1119 2456 lorte

87 2488 165 2544 iusto
185 2483 388 2564 impedimento
413 2495 545 2543 cessante
567 2484 671 2542 nullam
690 2481 931 2562 dispensationem
950 2481 1025 2541 intra
1043 2481 1118 2542 idern

89 2581 202 2649 tempus
222 2571 378 2648 contigerit
396 2568 536 2642 exhiberi,
556 2569 699 2628 ecclesiae
714 2567 865 2639 beneficia,
885 2578 1054 2647 personatus
1068 2587 1119 2627 seu

90 2655 256 2734 dignitates,
277 2674 349 2735 quac
364 2657 425 2713 sine
441 2653 653 2734 dispensatione
672 2654 765 2733 aliqua
784 2673 835 2713 eos
854 2655 931 2731 ipsos
949 2651 1049 2713 illicite
1069 2652 1120 2714 de·

90 2742 178 2800 tineri
199 2740 351 2808 constabit,
371 2759 424 2819 per
441 2759 507 2811 cos,
531 2735 567 2797 ad
587 2755 657 2817 qnos
676 2756 775 2797 corum
794 2739 911 2797 collatio
930 2740 1065 2817 pertinet,
1086 2739 1120 2797 li-

90 2825 162 2885 bere
177 2827 307 2905 personis
322 2824 433 2884 idoneis
448 2823 642 2884 conlocantur.
679 2821 811 2882 Ceterum
832 2823 855 2880 si
875 2821 1049 2901 dispensatio
1069 2843 1120 2883 ex-

90 2912 182 2970 hibita
210 2911 356 2970 sufficiens
383 2906 532 2970 evidenter
559 2917 710 2988 appareat,
738 2907 876 2966 exhibens
894 2926 1071 2988 nequaquam
1090 2911 1119 2966 in
1183 2938 1186 2942 .

89 2997 242 3056 beneficiis
261 2994 429 3076 huiusmodi,
449 3013 521 3074 quae
542 2994 680 3054 canonice
700 2991 819 3063 obtinet,
839 2991 1016 3052 molestetur.
1048 2991 1120 3052 Pro-

89 3081 190 3141 videat
207 3091 302 3141 tamma
322 3080 491 3152 ordinarius,
516 3081 639 3160 qualiter
651 3097 705 3138 nec
719 3079 873 3137 animarum
889 3096 958 3136 cura
972 3078 1000 3136 in
1011 3076 1118 3137 eisdem
1171 3073 1178 3082 ’

90 3168 235 3237 ecclesiis,
254 3165 467 3245 personatibus,
490 3185 540 3224 seu
560 3163 744 3244 dignitatibus
762 3163 938 3242 negligatur,
958 3183 1012 3223 nce
1031 3163 1120 3224 bene·

91 3253 158 3311 licia
177 3255 239 3331 ipsa
258 3248 363 3311 debitis
382 3251 525 3330 obsequiis
548 3248 763 3309 defraudentur.
810 3247 842 3307 Si
860 3267 929 3308 vero
949 3247 985 3309 de
1005 3247 1120 3328 dispen-

90 3339 213 3397 sationis
232 3336 377 3397 exhibitae
396 3336 568 3396 sufficientia
587 3335 741 3406 dubitetur,
765 3353 852 3414 super
869 3333 925 3393 hoc
945 3335 1000 3392 erit
1018 3332 1054 3393 ad
1071 3353 1119 3392 se·
1148 3363 1153 3370 ·

90 3422 156 3483 dem
176 3424 363 3502 apostolicam
384 3417 598 3492 recurrendum,
619 3422 698 3480 cuius
717 3430 761 3479 cst
775 3421 936 3490 aestimare,
957 3439 1040 3499 quem
1059 3435 1120 3477 mo·

91 3507 157 3567 durn
177 3511 220 3567 sni
239 3508 372 3567 benelicii
393 3527 457 3566 csse
473 3507 554 3566 velit.
594 3505 625 3566 ln
645 3504 829 3566 conlocandis
847 3507 964 3582 insuper
981 3523 1120 3584 persona-

91 3594 167 3653 tibus
186 3604 216 3654 et
234 3592 419 3672 dignitatibus
438 3603 468 3652 ct
485 3592 551 3651 aliis
570 3591 733 3662 benoliciis,
756 3610 853 3650 curam
872 3589 1040 3650 habentibus
1058 3591 1120 3649 ani·
1133 3601 1171 3642 ³⁶⁵

62 3735 64 3738 .
91 3699 199 3738 marum
219 3698 372 3751 annexam,
400 3677 484 3738 iidem
509 3676 647 3737 ordinarii
665 3675 841 3754 diligentiam
860 3673 936 3735 illam
955 3675 1119 3749 observent,

91 3775 123 3822 ut
141 3776 334 3844 personatum,
354 3763 520 3843 dignitatern
534 3764 580 3822 rel
594 3761 670 3822 aliud
684 3761 863 3836 beneficium,
883 3762 1002 3822 similem
1022 3781 1119 3834 euram

92 3849 202 3921 habens
229 3853 402 3922 animarum,
439 3849 525 3910 alicui
556 3849 637 3929 plura
668 3848 770 3908 similla
802 3848 940 3908 obtinenti
968 3867 1024 3906 non
1051 3857 1120 3916 ante

93 3937 229 3996 conierrc
256 3946 450 4016 praesumant,
484 3955 564 4015 quam
598 3936 640 3994 eis
670 3953 757 4013 super
789 3935 912 3994 obtentis
944 3930 1118 4012 dispensatio
