2648 4336
378 282 505 336 DAMN.
523 282 609 338 SYN.
627 282 790 338 rtsrutt
1024 282 1107 346 ”l

78 445 128 488 suo
148 443 214 486 esse
236 427 335 496 urbm,
362 434 393 482 et
413 424 648 504 simplicissimum
670 443 853 503 permanere,
877 425 1012 486 continuo
1035 424 1103 487 sub-

77 516 215 590 iungens,
238 508 330 590 ipsam
348 507 439 568 Deum
461 511 490 568 in
512 509 602 569 tribus
624 511 755 589 personis
778 508 927 588 distingui,
950 527 1102 590 perperam

77 595 205 676 discedit
222 615 240 653 a
258 593 399 654 communi
417 604 448 652 et
463 593 586 674 probata
603 596 631 652 in
650 593 830 654 Christianae
848 594 998 656 doetrinae
1021 593 1101 654 insti·

77 681 236 741 tutioribus
253 679 390 751 formula,
414 698 470 758 qna
487 679 565 739 Deus
585 699 657 739 uuus
679 679 791 758 quidem
812 680 842 738 in
863 680 953 740 tribus
970 679 1101 759 personis

78 767 224 826 distinctis
242 763 363 836 dicitnr,
381 784 439 822 noa
456 765 486 822 in
503 764 594 824 tribus
611 766 741 843 personis
760 763 924 838 distinctus,
944 765 1023 825 euius
1041 765 1102 824 ior-

78 851 173 910 mulae
193 849 414 909 commutatione
431 849 488 908 boe
505 849 534 908 vi
550 849 701 908 verborum
719 849 846 929 subrepit
864 851 971 911 erroris
988 850 1103 928 pericu·

79 938 147 1008 luna,
166 944 199 993 nt
215 935 342 993 essentia
354 932 450 993 divina
464 933 598 992 distincta
610 936 640 992 in
652 935 784 1012 personis
796 945 920 1013 putetur,
936 953 1017 1014 marn
1031 931 1104 994 fides

80 1020 228 1080 catbolica
250 1021 293 1078 sic
315 1038 399 1078 unam
421 1020 451 1078 in
472 1021 603 1098 personis
625 1017 767 1078 distinctis
791 1020 956 1094 confitetur,
983 1029 1015 1078 ut
1041 1037 1103 1084 cem
1132 1029 1136 1034 '
1251 1059 1253 1067 ι

79 1106 163 1166 simul
181 1103 352 1184 profiteatur
373 1105 403 1164 in
430 1122 462 1162 se
480 1123 596 1181 prorsus
613 1102 815 1164 indistinctam.

168 1189 315 1260 Alterum,
338 1186 413 1266 qnod
432 1186 468 1246 de
486 1190 614 1266 ipsismet
631 1187 721 1246 tribus
739 1187 840 1248 divinis
857 1192 989 1268 personis
1008 1188 1104 1260 tradit,

80 1295 132 1336 eas
151 1272 308 1334 seeundum
327 1291 423 1332 earum
442 1275 635 1351 proprietates
652 1273 818 1350 personales
836 1285 867 1331 et
883 1276 1106 1334 incommunica-

79 1361 156 1420 biles
174 1360 304 1419 exactius
322 1355 465 1436 loquendo
484 1358 603 1435 exprimi
622 1375 672 1415 seu
687 1358 825 1436 appellari
838 1357 964 1430 Patrem,
978 1359 1106 1418 Verbum

80 1456 112 1505 et
126 1445 263 1523 Spiritum
278 1453 415 1514 sanctum,
429 1443 510 1520 quasi
524 1443 613 1502 minus
626 1444 743 1521 propria
756 1455 786 1502 et
799 1454 901 1502 exacta
914 1444 992 1503 loret
1008 1443 1107 1523 appel·

3 1527 5 1532 ’
82 1531 154 1589 latio
173 1529 238 1588 Filii
254 1538 300 1586 tot
317 1529 475 1606 scripturae
494 1528 566 1586 loeis
585 1539 771 1600 consecrata,
793 1547 867 1587 voce
890 1530 952 1607 ipsa
973 1526 1067 1608 l’atris
1089 1545 1106 1587 e

82 1615 176 1674 coelis
193 1624 224 1672 et
241 1632 259 1672 e
277 1613 351 1672 nube
365 1610 491 1690 delapsa,
509 1623 567 1670 tum
580 1611 702 1672 formula
715 1612 846 1692 baptismi
863 1612 1009 1672 aCbristo
1024 1629 1108 1690 prae·

82 1701 202 1778 scripta,
220 1709 278 1756 tum
297 1707 328 1756 et
344 1698 495 1777 praeclara
511 1697 562 1755 illa
579 1697 771 1768 confessione,
790 1715 845 1776 qna
862 1697 963 1757 beatus
981 1697 1017 1756 ab
1031 1699 1110 1776 ipso·

82 1795 143 1844 met
157 1783 272 1842 Christo
286 1781 388 1842 Petrus
405 1793 450 1842 est
467 1783 679 1861 pronunciatum
698 1801 733 1840 ae
751 1801 809 1840 non
822 1783 916 1861 potius
930 1780 1109 1844 retinendum

84 1879 164 1929 esset
181 1866 258 1946 qnod
281 1866 402 1926 edoctus
425 1867 461 1925 ab
478 1864 639 1943 Augustino
662 1867 809 1947 angelicus
837 1863 1044 1945 praeceptorl)
1068 1867 1110 1924 vi-

84 1956 182 2020 cissinr
200 1955 262 2031 ipse
281 1951 392 2022 docuit,
415 1954 473 2023 „cir
496 1953 612 2010 nomene
641 1945 735 2010 Verbi
755 1953 875 2010 eandem
893 1953 1111 2029 proprietatem

85 2039 258 2117 rinportorae',
287 2056 361 2114 pace
384 2038 414 2096 in
436 2037 552 2095 nomene
577 2037 688 2106 Fa’lia',“
715 2035 830 2095 dicente
856 2038 985 2097 nimirum
1010 2032 1111 2112 Augu·

84 2123 279 2195 stiao²)a„eo
290 2123 400 2180 dt‘ct‘tur
418 2121 557 2191 Verbum,
577 2139 633 2198 pue
651 2121 778 2179 Fertur

171 2205 274 2284 Neque
293 2206 406 2264 silentio
423 2202 634 2282 praetereunda
646 2206 764 2282 insignis
778 2224 813 2264 ea
826 2204 934 2265 fraudis
947 2206 1033 2285 plena
1045 2223 1113 2284 syn·
1219 2269 1222 2276 ,

86 2293 136 2353 odi
163 2292 324 2360 temeritas,
352 2307 425 2368 quae
451 2287 560 2368 pridem
587 2289 773 2367 improbatam
799 2289 835 2348 ab
857 2290 1017 2370 apostolica
1043 2289 1112 2349 sede

87 2387 246 2437 conventus
262 2373 403 2433 Gallicani
422 2372 645 2432 declarationem
664 2393 709 2432 an.
732 2379 822 2438 1682.
842 2395 911 2434 ausa
928 2376 966 2433 sit
984 2394 1039 2433 uon
1054 2394 1114 2434 am·
1193 2437 1197 2447 ,

85 2462 221 2542 plissimis
239 2457 324 2518 modo
343 2457 472 2517 laudibus
494 2477 650 2529 exornare,
673 2458 738 2531 sed,
763 2461 977 2539 quo‘maiorem
999 2460 1041 2520 illi
1064 2479 1137 2518 au··

87 2549 253 2607 cleritatem
268 2544 446 2613 conciliaret,
465 2563 528 2601 eam
546 2544 574 2600 in
593 2541 739 2603 decretum
751 2547 794 2603 dc
802 2545 870 2624 fide
888 2547 1053 2626 inscriptum
1072 2547 1115 2602 iu-

87 2632 197 2691 sidiose
216 2627 379 2699 includere,
398 2629 535 2686 articulos
559 2628 587 2685 in
605 2628 654 2686 illa
678 2639 829 2689 contentos
851 2632 943 2709 palam
965 2630 1114 2710 adoptare,

48 2753 53 2756 -
87 2728 119 2776 et
138 2734 210 2795 quae
230 2714 348 2792 sparsim
366 2731 419 2791 per
437 2711 491 2770 hoc
510 2713 600 2790 ipsum
619 2711 765 2771 decretum
784 2713 890 2773 tradita
912 2727 990 2786 sunt,
1015 2717 1115 2774 horum

87 2801 275 2860 articulorum
301 2797 414 2876 publica
441 2807 471 2854 et
497 2795 607 2854 solenni
633 2797 812 2875 professione
841 2799 1002 2876 obsignare.
1053 2799 1114 2870 Quo

88 2904 160 2944 sane
175 2903 231 2942 non
247 2883 336 2941 solum
351 2882 467 2960 gravior
481 2881 566 2958 longe
585 2899 615 2939 se
634 2881 716 2940 nobis
735 2882 820 2940 offert
838 2880 873 2940 de
892 2881 1013 2962 synodo,
1034 2902 1115 2961 quam

87 2967 362 3050 praedecessoribus
390 2965 494 3024 nostris
517 2966 605 3024 luerit
632 2964 667 3024 de
696 2966 817 3024 comitiis
839 2967 895 3025 illis
918 2965 1117 3046 expostulandi

88 3055 181 3124 ratio,
209 3051 260 3111 sed
283 3061 313 3110 et
333 3052 447 3128 ipsimet
475 3049 639 3110 Gallicanae
666 3051 808 3109 ecelesiae
836 3070 891 3109 non
918 3052 988 3110 levis
1016 3052 1170 3116 iniuriaret

89 3142 247 3216 irrogatur,
266 3155 348 3214 quam
367 3133 479 3212 dignam
498 3132 622 3214 synodus
641 3137 852 3208 existimaverit,
868 3137 947 3194 cuius
962 3138 1117 3196 auctoritas

89 3227 120 3282 iu
138 3222 327 3301 patrocinium
345 3229 499 3278 vocaretur
516 3239 654 3292 errorum,
674 3221 772 3299 quibus
790 3220 860 3279 illud
878 3231 923 3280 est
942 3223 1117 3281 contamina·

90 3304 327 3366 tum'lecremm.

180 3390 368 3463 Quamobrem
387 3407 459 3467 quae
478 3399 542 3447 acte
562 3401 716 3448 conventus
735 3389 882 3462 Gallicani,
901 3410 967 3449 mox
985 3399 1015 3449 ut
1032 3388 1120 3468 prod·

91 3480 202 3547 ierunt,
226 3473 434 3552 praedecessor
455 3484 553 3532 noster
573 3493 642 3547 ven,
667 3474 848 3534 Innocentius
868 3475 919 3534 Xl.
942 3494 996 3554 per
1023 3474 1119 3535 literas

92 3562 231 3620 informa
248 3559 343 3618 brevis
366 3557 413 3616 die
434 3565 482 3620 ll·
495 3556 604 3636 Aprilis
622 3578 667 3618 au.
688 3564 789 3632 1682,
808 3561 873 3639 post
886 3557 983 3620 'autem
1002 3581 1119 3640 expres·

94 3647 152 3704 sius
166 3642 334 3703 Alexander
349 3641 428 3701 Vlll.
444 3644 557 3702 constit.
575 3645 657 3702 Inter
674 3646 848 3722 molendinos
865 3644 911 3704 die
930 3652 960 3708 la.
978 3646 1052 3724 Aug,
1072 3665 1118 3706 an.

97 3734 192 3794 1699.
219 3748 272 3806 pro
301 3727 452 3805 apostolici
474 3729 516 3786 sui
548 3730 671 3787 muneris
698 3730 808 3788 ratione
836 3731 1042 3809 improbarunt,
1070 3751 1117 3792 re·

98 3855 270 3868 —u-t-——u

137 3929 160 3982 1)
171 3925 195 3970 S.
207 3922 252 3968 Tb.
263 3929 282 3970 1.
292 3939 317 3982 p,
327 3938 349 3980 q.
360 3928 392 3970 at.
402 3929 469 3970 arta
486 3927 515 3970 ad
524 3929 543 3972 3.
553 3949 577 3960 -
587 3928 610 3980 2)
621 3921 680 3981 nugi
689 3928 717 3972 de
728 3927 815 3972 Trinlt.
826 3929 842 3972 l.
854 3931 896 3974 tc.
906 3934 927 3972 2.
