2654 4334
235 255 399 312 SESSlO
426 253 514 312 XXV·
548 253 904 308 uererentur.
1005 255 1085 316 m

72 402 203 479 posterum
227 395 387 476 quicunque
408 395 438 453 iu
455 394 648 474 patriarchas,
674 394 826 472 primates,
849 389 1085 477 archiepiscopos

72 486 267 563 episcoposque
285 478 483 560 promovendi,
500 480 528 540 iu
547 481 637 560 prima
654 477 766 558 syuodo
784 480 963 558 provinciali,
983 482 1086 562 inqua

72 570 116 648 ipsi
132 566 326 638 interfuerint,
351 567 467 625 omniuo
489 565 651 625 observent.
697 562 779 650 Quod
802 564 827 623 si
850 566 912 644 quis
930 584 968 625 ex
985 583 1086 646 snpra·

72 653 145 713 lictis
163 653 302 723 omnibus,
322 648 398 730 quod
416 650 503 722 absit,
523 651 660 722 mouerit,
680 650 809 728 episcopi
828 653 1087 730 comprovinciales

71 741 153 798 statim
171 755 307 798 summum
325 735 481 796 Romanum
500 735 667 795 Pontificem
685 732 841 795 admouere
861 736 912 795 sub
931 756 1026 816 poena
1043 738 1088 798 di·
1127 783 1130 786 -

71 826 142 884 unae
167 822 372 902 indignationis
399 831 565 893 teneantur,
592 821 762 900 interimque
788 820 824 880 ab
853 820 980 883 eiusdem
1009 843 1088 884 com·

72 911 190 970 munione
208 909 381 970 abstiueant
419 907 518 966 Ceteri
535 925 605 966 vero
625 925 733 977 omnes,
752 906 812 966 eive
828 908 857 966 in
871 911 1087 987 praeseutisive

73 995 229 1057 infuturum
251 994 396 1054 beneficia
422 992 621 1052 ecclesiastica
643 991 782 1063 habituri,
805 1002 836 1051 ot
858 995 953 1072 quiin
975 994 1088 1075 synodo

72 1079 232 1140 dioecesana
256 1079 412 1140 convenire
436 1076 557 1149 debent,
584 1074 659 1136 idem
683 1087 835 1157 utsupra,
859 1079 889 1136 in
911 1097 947 1138 ea
965 1079 1088 1160 synodo,

73 1183 134 1245 quae
154 1168 245 1246 primo
276 1183 390 1245 qnoque
415 1173 545 1243 tempore
569 1162 777 1234 celebrabitur,
805 1163 914 1222 iaciant
936 1151 966 1226 e't
989 1166 1091 1226 obser·

73 1261 143 1324 vent;
168 1253 239 1312 alias
262 1248 418 1312 secuudum
445 1250 564 1308 formam
587 1267 734 1308 sacrorum
759 1267 898 1308 canonum
926 1252 1088 1330 puniantur.

72 1333 111 1394 lt
126 1336 194 1397 baec
217 1355 318 1396 omues
336 1336 371 1407 ii,
395 1332 431 1393 ad
455 1353 525 1413 quos
544 1335 758 1394 universitatum
777 1345 807 1394 et
825 1333 983 1396 studiorum
1001 1356 1091 1415 gone·
1153 1375 1159 1384 ι

74 1421 161 1482 ralium
178 1442 256 1494 cura,
275 1420 403 1482 visitatio
422 1431 453 1479 et
469 1420 636 1479 reformatio
655 1420 789 1498 pertinet,
809 1417 964 1499 diligenter
978 1441 1090 1497 curent,

75 1516 99 1564 ut
114 1507 146 1566 ab
164 1507 270 1568 eisdem
291 1506 523 1568 universitatibus
542 1523 668 1565 canones
687 1515 717 1564 et
735 1503 855 1566 decreta
872 1505 954 1566 huius
972 1520 1090 1570 sanctae

76 1591 165 1669 synodi
194 1596 309 1673 integre
343 1591 533 1670 recipiantur,
561 1588 598 1650 ud
621 1608 777 1669 eorumque
801 1610 928 1650 normam
952 1596 1090 1672 magistri,

76 1674 197 1738 doctores
216 1690 246 1740 et
268 1680 319 1738 alii
338 1679 366 1736 in
385 1675 494 1737 eisdem
511 1675 743 1736 universitatibus
762 1695 812 1748 ea,
837 1695 908 1755 quae
928 1678 1091 1740 catholicae

76 1761 132 1821 idei
148 1767 261 1837 suut1),
288 1762 415 1824 doceant
432 1772 463 1821 et
480 1765 720 1842 interpretentur,
740 1779 828 1841 seque
847 1759 958 1822 adboc
977 1764 1091 1825 iustitu-

77 1857 124 1906 tum
140 1850 219 1910 initio
243 1849 398 1910 cuiuslibet
419 1848 486 1907 anni
508 1848 620 1907 solenni
642 1848 803 1905 iuramento
822 1846 1016 1926 obstringout3
1040 1849 1093 1911 sed

43 1990 45 1996 ,
77 1943 102 1990 et
120 1936 141 1992 si
165 1937 259 2015 aliqua
287 1936 344 1994 elia
365 1936 394 1994 in
417 1931 574 2013 praedictis
596 1932 829 1992 universitatibus
856 1935 1040 1996 correctione
1063 1945 1094 1995 et

78 2019 268 2081 reformatione
292 2019 380 2099 digna
397 2020 517 2090 luerint,
537 2018 573 2077 ab
592 2015 714 2090 eisdem,
742 2015 779 2077 ad
797 2036 868 2097 quos
886 2027 1012 2097 spectat,
1039 2039 1092 2100 pro

78 2103 210 2182 religionis
234 2119 264 2166 et
288 2105 456 2184 discipliuae
480 2104 697 2165 ecclesiasticae
725 2113 877 2182 augmento
905 2104 1148 2181 emendenturnao

79 2198 103 2246 at
118 2201 281 2253 statuantur.
327 2193 406 2266 Quae
430 2209 500 2250 vero
521 2191 721 2250 universitates
738 2187 900 2250 immediate
918 2193 1017 2252 summi
1035 2191 1095 2252 llo·

80 2277 143 2334 mani
163 2276 311 2338 Pontificis
333 2277 509 2357 protectioni
532 2287 563 2336 et
584 2276 741 2336 visitationi
764 2286 830 2336 suut
850 2274 1015 2350 subiectae,
1043 2277 1095 2340 bas

80 2376 121 2418 sua
137 2361 287 2424 beatitudo
305 2383 359 2442 per
377 2363 439 2422 eius
457 2360 608 2440 delegatos
626 2359 741 2432 eadem,
765 2379 822 2440 qua
843 2380 943 2440 supra,
967 2363 1093 2436 ratione,

81 2453 105 2500 el
124 2461 202 2524 prout
228 2451 256 2510 ei
281 2450 377 2509 utilius
403 2451 492 2510 visum
514 2449 615 2520 fuerit,
639 2446 794 2506 salubriter
815 2447 926 2507 visitari
948 2459 979 2508 et
1001 2449 1095 2509 reler-

81 2533 140 2589 uari
157 2536 277 2596 curabit.

82 2647 103 2693 G·
120 2653 156 2699 lll.
190 2655 474 2704 excommunicatione
493 2655 582 2717 gladio
606 2660 701 2700 temere
722 2668 773 2701 nors
795 2653 925 2704 attendam.
976 2653 1028 2703 tlte·
1046 2671 1096 2704 er·

82 2724 165 2768 secoro
187 2727 267 2773 realta
290 2732 340 2772 ast
356 2724 504 2785 perronella
521 2721 590 2783 fiere·
607 2728 703 2784 potest,
726 2737 744 2768 o
766 2725 882 2771 amris
908 2723 1096 2789 abstinendum,

211 2795 294 2856 a'r'sque
311 2793 385 2840 delli
400 2793 614 2854 magistratusue
631 2791 774 2838 immiscere
790 2793 868 2856 nesae
885 2797 950 2841 erto.

157 2874 286 2948 Quamvis
313 2877 616 2937 excommunicationis
641 2873 753 2954 gladius
781 2892 885 2934 nervus
910 2875 949 2934 sit
975 2876 1097 2950 ecclesi·

84 2957 177 3020 astioae
196 2961 378 3043 discipliuae,
403 2973 433 3022 et
450 2961 486 3022 ad
506 2960 695 3022 continendos
713 2961 741 3018 in
761 2958 854 3019 officio
873 2959 994 3049 populos
1012 2959 1096 3023 valdo

83 3039 215 3119 salutaris,
233 3049 330 3110 sobrie
350 3059 444 3111 umen
462 3067 621 3128 magnaque
641 3045 897 3124 circumspectione
916 3044 1097 3107 exercendus

84 3135 132 3196 ⁰⁵²,
150 3149 229 3209 quum
248 3135 428 3215 experientia
445 3132 564 3205 doceat,
588 3134 611 3192 si
629 3143 739 3192 temere
758 3141 807 3190 aut
824 3130 933 3190 levibus
956 3149 994 3190 ex
1010 3131 1098 3192 rebus

84 3207 234 3292 incutiatur,
253 3223 344 3300 magis
359 3221 504 3280 contemni
523 3239 605 3298 quatu
615 3215 773 3288 formidari,
792 3217 988 3296 etpernicieru
1002 3219 1098 3297 potius

85 3310 278 3384 tacerequam
301 3307 431 3366 salutem.
482 3305 663 3384 Quapropter
685 3303 996 3363 excommunicationes
1019 3302 1115 3376 illae,

87 3395 148 3454 quae
169 3393 369 3453 monitionibus
392 3391 555 3472 praemissis
578 3388 717 3450 adfinem
742 3389 941 3461 revelationis,
960 3397 991 3448 ut
1008 3389 1098 3461 aiunt,

86 3477 128 3524 aut
143 3490 192 3548 pro
211 3475 367 3559 deperditis
385 3497 436 3539 sou
455 3469 607 3536 subtractis
625 3475 711 3536 rebus
729 3475 800 3535 ferri
818 3474 926 3546 solent,
950 3493 968 3534 a
985 3475 1098 3534 nemine

87 3565 191 3624 ltotsos
216 3575 415 3646 praeterquam
442 3563 477 3623 ab
502 3563 639 3643 episcopo
664 3560 870 3631 decernantur,
903 3569 935 3619 et
951 3570 1019 3620 tunc
1042 3579 1099 3619 nou

88 3633 162 3713 alias,
186 3665 265 3725 quam
285 3669 371 3712 exre
390 3670 448 3709 uon
465 3649 590 3728 vulgari,
610 3666 751 3726 causaque
770 3645 926 3726 diligenter
943 3665 978 3706 ac
996 3665 1102 3724 magna

89 3730 236 3794 maturitate
254 3756 307 3818 per
325 3737 490 3818 episcopum
509 3733 720 3809 examinata2),
740 3752 813 3814 quae
831 3734 892 3793 eius
907 3733 1028 3792 animum
1038 3751 1100 3790 mo·

93 3826 289 3860 χ...-

76 3875 79 3884 “
94 3907 97 3912 .
124 3871 194 3924 Sess.
204 3883 280 3932 XXV.
303 3892 314 3931 t
335 3885 434 3934 Sesev.
445 3887 474 3930 de
483 3885 528 3931 rei.
539 3889 616 3930 e.t.-
633 3886 656 3938 Ἃ)
666 3869 697 3927 oi.
709 3896 728 3927 t.
734 3886 754 3926 8.
764 3886 839 3937 (cone.
850 3882 871 3926 Δ
887 3880 944 3931 alb.)
954 3893 973 3924 e.
981 3884 1014 3930 et.
1034 3889 1103 3922 conc.

91 3913 221 3980 mult-⁴21
228 3941 302 3994 (eone.
309 3890 418 3995 drveru.)
425 3939 451 3983 0.
461 3937 508 3984 xl.
514 3952 551 3996 qu.
557 3940 643 3984 &cib
654 3935 685 3980 Χ.
697 3935 726 3979 do
736 3941 795 3980 sent.
807 3947 859 3980 exc.
868 3895 938 3978 iss.
946 3931 1037 3987 (Innoe.
1044 3929 1103 3980 tu.)
