2652 4330
278 254 444 310 sussto
471 255 505 308 V.
541 254 601 307 DE
626 253 754 310 Phoc.
782 255 904 310 onte.
1051 259 1105 316 10

159 401 187 458 1.
208 393 242 455 st
262 397 323 474 puis
340 414 398 454 non
417 395 581 466 eouiitetur,
599 394 719 474 primum
737 395 879 462 hominem
896 394 1000 470 Adam,
1019 416 1102 478 quum
1182 405 1192 418 ¹

76 478 234 542 mandatum
253 481 310 540 Dei
327 482 356 538 in
374 479 510 559 paradiso
528 481 631 540 inisset
648 490 857 559 transgressus,
882 483 977 543 statim
995 484 1104 544 saneti·

75 576 156 626 tatem
175 576 207 636 et
225 567 378 636 iustitiam,
402 566 431 625 in
449 585 505 646 pua
523 568 693 626 constitutus
711 567 818 639 iuerat,
842 568 983 641 amisisse,
1006 568 1104 630 incur*-

75 654 198 731 risseqne
222 670 278 731 per
301 651 439 710 offensam
461 652 720 733 praevaricationis
742 651 904 711 huiusmodi
922 653 994 711 iram
1011 664 1043 713 et
1059 656 1104 713 iu·

74 737 267 815 dignationem
286 736 360 810 Dei,
375 747 461 818 etque
479 736 546 798 ideo
565 747 701 810 mortem,
720 755 802 816 mam
820 747 908 796 antea
924 737 968 798 ilii
986 739 1104 798 sommi-

73 834 149 884 natus
167 824 267 882 iuerat
285 823 362 883 Deus
376 824 419 898 ¹),
443 833 473 882 et
491 843 555 882 cum
573 829 666 882 morte
685 822 881 901 captivitatem
899 822 951 882 suh
970 823 1033 883 eius
1049 843 1104 903 po·

72 919 182 980 testate,
202 910 253 989 qui
272 910 372 969 mortis
389 905 496 968 deiude
514 908 614 968 hahuit
631 909 780 987 imperium
794 909 834 982 ²),
853 908 910 967 hoo
924 917 970 968 est
982 906 1101 981 diahoii,

73 1004 214 1074 totumque
244 991 337 1054 Adam
364 1013 418 1074 per
447 994 524 1053 ittam
550 993 807 1073 praevaricationis
834 992 973 1053 offensam
999 1012 1104 1054 secun·

72 1077 130 1138 dum
154 1099 264 1160 eorpus
287 1091 317 1140 et
339 1081 461 1139 animam
484 1081 513 1138 in
536 1077 664 1140 deterius
683 1088 885 1140 commutatum
902 1079 1005 1140 fuisse:
1033 1099 1104 1140 aua·

72 1163 160 1224 thema
178 1168 227 1224 sit.

151 1257 182 1315 2.
203 1248 237 1310 Si
262 1252 325 1330 quis
346 1248 431 1310 Adae
448 1251 725 1330 praevaricationem
744 1250 799 1310 sihi
817 1249 885 1321 soii,
912 1261 945 1310 et
962 1269 1019 1310 uon
1038 1251 1135 1311 eius²⁵

71 1336 218 1414 propagini
238 1337 344 1396 asserit
361 1336 508 1408 nocuisse,
537 1346 568 1396 et
584 1346 734 1416 acceptam
752 1355 770 1395 a
788 1335 851 1395 Deo
870 1336 1051 1396 sanctitatem
1070 1346 1101 1396 et

71 1421 215 1494 iustitiam,
246 1441 331 1501 quam
351 1418 492 1500 perdidit,
521 1422 576 1480 sihi
599 1422 668 1494 soli,
696 1432 727 1481 et
749 1440 806 1480 non
828 1420 912 1482 nohis
930 1422 1016 1482 etiam
1035 1440 1099 1482 eum
1125 1463 1128 1482 ,

71 1506 244 1582 perdidisse3
272 1517 321 1566 ant
344 1508 519 1586 inquinatam
542 1507 620 1566 iilum
643 1525 697 1586 per
714 1506 930 1567 inobedientiae
947 1517 1099 1587 peceatum

72 1602 185 1650 mortem
209 1602 242 1652 et
262 1611 373 1671 poenas
395 1593 529 1672 eorporis
552 1602 659 1651 tantum
682 1593 712 1649 in
737 1610 821 1651 omne
838 1610 929 1670 genus
948 1588 1098 1653 humanum

71 1677 269 1750 transfudisse,
294 1697 352 1736 non
371 1688 465 1737 autem
484 1686 516 1736 et
532 1688 699 1757 peceatum,
719 1676 795 1756 quod
813 1697 890 1736 mors
908 1688 953 1738 est
970 1679 1097 1738 auimaes
1132 1715 1136 1722 =

72 1762 216 1822 anathema
236 1765 282 1835 sit,
301 1781 384 1842 quum
403 1761 586 1822 contradicat
594 1761 736 1842 Apostoio
752 1759 861 1822 dicenti
875 1765 919 1838 ³):
938 1765 1097 1825 Personam

71 1845 207 1908 domnitam
237 1858 402 1927 peecatum.
419 1850 547 1908 intravit
571 1851 601 1908 in
628 1848 776 1920 mundum,
810 1858 842 1907 et
861 1866 921 1926 per
943 1858 1097 1926 peceatum

71 1947 151 2001 mors,
171 1944 204 1992 et
219 1936 264 1992 ite
282 1936 313 1992 ia
327 1953 426 1994 omnes
439 1934 571 1993 domimo
583 1951 662 1992 mors
672 1935 860 2011 pertransiit,
880 1935 911 1992 iu
926 1951 982 2011 quo
999 1952 1097 1994 ommes

69 2028 275 2092 peecaverunt.

150 2107 180 2166 3.
201 2101 234 2163 st
254 2105 315 2183 quis
332 2105 388 2165 hoc
406 2101 490 2164 Adae
507 2113 674 2184 peccatum,
703 2102 779 2182 quod
803 2103 915 2182 origine
938 2121 1022 2163 unum
1041 2113 1111 2200 κὴρ

72 2195 98 2243 et
112 2191 333 2268 propagatione,
352 2209 410 2250 non
427 2191 598 2272 imitatiope,
617 2189 787 2250 transfusum
802 2188 931 2250 omnihus
944 2191 1020 2249 inest
1033 2190 1111 2250 nni-t

73 2272 166 2352 tuique
184 2277 342 2355 proprium,
360 2276 407 2336 vei
422 2267 479 2354 'per
495 2276 635 2336 humanae
653 2285 773 2335 naturae
786 2277 872 2349 vires,
890 2275 938 2335 vel
951 2294 1006 2355 per
1018 2274 1095 2335 eliud

72 2359 220 2419 remedium
250 2362 355 2420 asserit
376 2361 453 2433 tolli,
486 2381 568 2441 marn
591 2381 645 2441 per
667 2363 798 2421 meritum
822 2363 904 2420 unius
927 2359 1095 2420 mediatoris

72 2437 177 2503 Domini
194 2448 288 2506 nostri
306 2445 372 2506 Iesu
390 2445 511 2518 Christi,
540 2448 587 2526 qni
611 2465 664 2506 nos
682 2446 745 2506 Deo
763 2446 965 2507 reconciliavit
981 2447 1011 2505 in
1029 2465 1096 2506 seua

73 2527 149 2601 grino
167 2549 218 2591 suo
233 2535 274 2607 ⁴),
293 2533 386 2591 iaetus
401 2533 483 2592 nohis
496 2533 614 2604 iustitia,
623 2532 825 2594 'sanctificatio
839 2543 870 2592 et
882 2530 1043 2611 redemptio
1053 2533 1092 2606 ⁵),
1118 2571 1124 2581 ·

72 2622 115 2670 aut
131 2628 217 2694 negat
235 2619 326 2697 ipsum
345 2616 453 2678 Christi
476 2618 541 2678 lesu
560 2620 691 2678 meritum
709 2637 762 2697 per
778 2619 911 2696 baptismi
929 2635 1093 2676 sacramen·

73 2703 122 2756 tum
139 2701 167 2759 in
184 2703 278 2785 forma
297 2704 441 2763 ecelesiae
459 2705 514 2762 rite
534 2704 668 2763 collatum
683 2713 740 2762 tam
754 2695 857 2763 adultis
872 2722 954 2783 quam
968 2701 1093 2782 parvulis

74 2783 216 2866 applicari:
245 2788 397 2847 anathema
419 2791 469 2859 sit,
497 2792 638 2868 quianon
657 2787 795 2848 estaliud
815 2808 918 2848 nomen
936 2787 988 2848 suh
1008 2786 1093 2846 eoeio

73 2862 158 2930 datum
174 2873 351 2944 hominihus,
379 2875 408 2933 in
430 2875 486 2952 qtio
510 2885 645 2953 oporteat
662 2894 715 2932 nos
733 2874 828 2932 salvos
846 2874 909 2934 heri
923 2873 964 2948 ⁶).
1010 2870 1093 2931 Unde

73 2949 115 3010 itia
130 2973 185 3016 vox
196 2960 244 3034 ¹):
267 2961 345 3018 ane
369 2977 464 3035 ugnas
480 2962 554 3032 θείς
578 2979 646 3019 ecee
670 2961 724 3037 qui
740 2959 821 3016 toltit
833 2968 960 3034 peccate
978 2956 1095 3027 mundi3

74 3043 100 3092 et
114 3040 160 3100 illa
172 3045 216 3120 ⁸):
239 3047 411 3123 Qut‘eunque
430 3043 575 3121 baptisati
590 3045 674 3112 estis,
696 3041 841 3100 Christum
855 3043 1007 3100 induistis.

149 3134 177 3190 d,
202 3126 235 3188 Si
258 3130 321 3208 quis
339 3127 473 3208 parvulos
491 3138 625 3188 retentes
644 3127 679 3185 ah
698 3125 788 3185 uteris
805 3134 926 3185 matrum
944 3124 1094 3204 baptizan-

74 3200 120 3265 dos
136 3225 230 3292 negat,
250 3216 363 3274 etiamsi
382 3216 489 3274 fuerint
506 3233 523 3272 a
541 3212 694 3292 baptizatis
711 3211 878 3291 parentihns
896 3211 962 3281 orti,
981 3221 1031 3269 aut
1049 3210 1094 3271 di·

75 3291 110 3347 oit
124 3295 152 3354 in
168 3300 366 3360 remissionem
385 3298 498 3381 quidem
516 3309 702 3379 peecatorum
721 3317 773 3358 eos
791 3296 947 3378 baptizari,
974 3295 1026 3355 sed
1048 3298 1094 3354 ui·

75 3371 109 3432 hii
129 3397 163 3441 ex
178 3382 271 3444 Adam
296 3385 411 3445 trahere
435 3385 584 3464 originalis
605 3385 734 3465 peceati,
763 3383 839 3464 quod
861 3382 1092 3462 regenerationis

75 3455 179 3527 lavaero
197 3489 318 3531 neeesse
340 3472 379 3530 sit
395 3472 506 3551 expiari
524 3470 665 3531 advitam
684 3481 831 3532 aeternam
850 3467 1089 3548 consequendam,

75 3545 141 3608 unde
158 3554 189 3612 tit
207 3575 399 3636 consequens,
427 3566 459 3616 ut
479 3559 509 3616 in
532 3557 575 3616 eis
593 3558 686 3617 torma
702 3557 881 3634 baptismatis
898 3557 927 3616 in
946 3554 1091 3616 remissio-

75 3642 130 3690 nem
155 3653 339 3717 peecatorum
362 3662 419 3701 non
442 3662 524 3715 vera,
553 3641 604 3702 sed
626 3644 698 3702 salsa
721 3642 911 3720 intelligatur:
939 3639 1089 3701 anathema

76 3749 275 3782 *¹⁸¹*-

75 3811 192 3906 Ήῧεη.
214 3823 245 3869 V.
272 3826 295 3880 t)
310 3823 370 3869 Gen.
385 3825 417 3870 11.
433 3829 465 3869 at.
480 3825 526 3869 111.
541 3827 574 3892 tt.
588 3847 614 3858 ·—
626 3826 649 3878 π)
665 3825 736 3868 Hehr.
750 3819 784 3869 11.
799 3827 896 3880 ts.-a)
905 3825 972 3868 Rom.
980 3821 1010 3864 V.
1021 3823 1090 3864 ¹².-

77 3866 184 3962 ruffi
192 3874 286 3980 pipp·
295 3876 487 3981 ffl'flfflffl
496 3876 627 3970 ¹11‘{¹3¹,2¹¹·
641 3879 661 3919 s.
671 3887 720 3931 neq.
731 3879 788 3931 -sp
802 3878 878 3922 scor.
894 3875 914 3918 1.
923 3877 957 3917 m.
966 3895 992 3906 -
1001 3873 1024 3926 s)
1034 3871 1088 3914 aet

879 3978 919 4042 2*
1017 4027 1024 4042 .
