2654 4330
181 289 264 348 u
353 284 519 343 snssro
543 239 644 346 xxttt
663 282 745 346 ns
770 232 1047 346 lenonum.

182 449 240 490 uer
265 408 469 490 fraudulenter
492 428 621 506 agere1)
643 399 700 488 lsuto
726 425 857 504 periculo
884 435 1029 486 tenentur.
1082 424 1212 488 Eosdem

181 516 295 576 interim
313 513 450 576 admonet
466 524 497 576 et
513 514 544 572 iu
561 512 685 574 Domino
702 511 844 584 bortatur,
860 530 898 571 nc
914 530 968 590 per
984 511 1061 573 illins
1071 515 1213 598 temporis

181 602 317 681 mum,
336 599 480 662 Dominici
496 596 656 670 Adventus,
676 595 934 676 Quadrageeimee,
952 595 1135 672 Natinitotis,
1154 599 1214 662 Re·

181 687 369 748 medonis
395 685 524 758 Domini,
551 683 741 747 Pentecosten
766 683 851 755 item
879 693 911 744 et
937 681 1074 764 Corporis
1102 685 1214 748 Christi

180 773 300 846 diebos,
325 773 425 852 quibas
448 770 531 832 relioi
554 771 676 834 nunninae
700 778 732 830 et
748 770 778 830 iu
795 768 919 829 Domino
936 769 1065 847 gaudere
1084 775 1213 851 pastoris

73 903 75 914 .
179 859 434 939 praesentientes
455 855 595 927 debeant,
622 855 676 936 ipsi
698 854 735 916 ab
753 855 881 917 ecelesia
898 875 950 918 sna
968 855 1130 922 catbodrali
1150 860 1212 920 ullo

180 957 267 1025 paeto
285 943 430 1018 absint2),
458 941 512 1002 nisi
540 941 717 1020 episcopalia
743 940 839 1003 munia
864 941 895 1000 in
920 961 972 1002 aua
997 940 1132 1010 dioecesi.
1159 965 1214 1008 ecs

179 1032 238 1091 alio
255 1039 371 1090 vocent.

266 1113 300 1174 si
326 1114 389 1193 quis
411 1123 518 1184 autent,
546 1111 623 1192 qnod
646 1112 752 1174 utinam
780 1131 920 1192 nunquam
948 1115 1078 1186 eveniat,
1106 1125 1216 1178 onoma

178 1203 262 1264 buius
279 1198 392 1261 decreti
412 1197 628 1278 dispositionem
646 1197 786 1269 abluerit,
810 1199 910 1264 statuit
927 1211 1115 1263 sacrosancte
1142 1221 1215 1282 syn-

179 1286 260 1357 odus,
279 1296 397 1366 praeter
419 1285 491 1344 alias
512 1295 622 1365 poenas
640 1281 777 1346 adversus
795 1303 852 1344 non
869 1284 1030 1348 residentes
1047 1287 1099 1347 oub
1119 1283 1213 1348 Panlo

179 1371 230 1434 tlt.
257 1373 405 1452 impositas
432 1380 462 1430 et
488 1371 638 1430 innovatas
646 1371 691 1443 ⁸),
727 1391 762 1430 ac
789 1371 918 1432 moretis
944 1372 1060 1450 peccati
1087 1383 1211 1446 rentnon

179 1477 262 1538 quem
281 1459 417 1528 incurrit,
441 1474 506 1516 eum
528 1475 581 1535 pro
604 1465 668 1516 rata
686 1457 825 1535 temporis
848 1457 996 1518 absentiae
1013 1457 1124 1522 iunctus
1141 1479 1214 1520 snos

178 1563 236 1604 nou
254 1545 368 1615 lucere,
388 1561 442 1602 nec
461 1553 523 1602 tnta
541 1542 735 1616 conscientia,
754 1544 812 1604 elia
829 1545 916 1604 etiam
933 1542 1133 1606 declaratione
1150 1563 1212 1604 uon

178 1641 288 1702 secuta
306 1629 373 1690 illus
389 1629 445 1690 sibi
464 1628 595 1706 detinere
614 1641 709 1708 poste,
728 1625 782 1690 sed
799 1629 907 1701 teneri,
926 1639 977 1690 aut
995 1630 1056 1708 ipse
1076 1641 1211 1694 cessante

178 1735 233 1796 per
250 1719 428 1793 superiorem
447 1713 692 1787 ecclesiasticum,
721 1716 787 1775 illos
803 1715 932 1777 fabricae
950 1715 1142 1778 ecclesiarum
1159 1727 1213 1776 aut

48 1811 52 1816 '
178 1802 353 1882 pauperibus
370 1802 431 1862 loci
447 1820 587 1880 erogare,
607 1799 753 1878 prohibita
772 1817 939 1880 quacunque
951 1803 1144 1864 conventione
1161 1803 1211 1864 vel

128 1911 166 1954 tua
180 1889 404 1967 compositione,
433 1907 506 1967 quae
529 1905 583 1966 pro
605 1886 747 1948 fructibus
769 1886 843 1948 male
865 1889 1012 1966 perceptis
1036 1887 1208 1966 appellatur,

180 1993 217 2034 ex
239 1993 295 2054 qna
322 1974 408 2034 etiam
436 1971 579 2053 praedicti
605 1974 716 2038 tructus
742 1974 771 2031 in
789 1983 893 2044 totum,
920 1982 970 2035 ant
996 1992 1050 2052 pro
1078 1983 1160 2052 parte
1180 1973 1211 2034 ci
1323 1970 1325 1981 '

178 2061 409 2132 remunerentur,
433 2080 495 2119 nou
523 2058 701 2120 obstantibus
729 2058 942 2138 quibuscunque
963 2058 1124 2139 privilegiis
1146 2059 1211 2119 cui·
1278 2135 1280 2138 Ι

178 2165 289 2226 cunque
309 2145 435 2222 collegio
453 2155 503 2204 aut
520 2143 650 2204 fabricae
669 2145 827 2206 concessis.

262 2228 372 2290 Eadem
383 2231 508 2300 omnino,
520 2230 607 2289 etiam
617 2227 712 2308 quoad
722 2229 844 2308 culpem,
860 2230 1041 2290 amissionem
1051 2230 1208 2304 fruetuum,
1326 2238 1327 2243 ’

176 2328 208 2378 et
224 2337 334 2396 poenas
353 2315 390 2376 de
411 2315 518 2375 curatis
536 2315 761 2391 interioribns⁴)
782 2325 813 2374 et
829 2317 893 2376 eliis
911 2315 1139 2396 quibuscunque,
1157 2319 1211 2392 qui

176 2403 346 2464 beneficium
365 2397 482 2480 aliquod
500 2400 730 2464 ecclesiasticum
749 2420 845 2462 cumn
864 2401 1021 2462 animumn
1035 2402 1210 2464 babensob-

175 2491 282 2558 tinent,
301 2495 491 2546 saerosnncta
513 2484 641 2564 synodus
664 2486 796 2550 declarat
817 2497 848 2551 et
866 2485 1012 2563 decernit3
1036 2488 1077 2548 ita
1099 2499 1209 2562 umen,

175 2583 216 2644 nt,
236 2570 464 2651 quandocunque
487 2589 539 2630 eos
563 2590 649 2632 cansa
672 2575 751 2653 prius
773 2593 827 2652 per
849 2573 1016 2654 episcopum
1040 2575 1158 2652 cognita
1177 2586 1212 2636 et

133 2712 134 2718 ,
176 2657 299 2737 probata
316 2657 418 2716 abesse
438 2658 610 2734 contigerit,
628 2660 767 2720 vicarium
785 2658 918 2719 idoneum
937 2659 1047 2738 abipso
1058 2657 1208 2720 ordinario

176 2740 390 2823 approbandum
418 2762 482 2802 cnm
510 2741 608 2803 debita
635 2744 779 2806 mercedis
809 2743 1005 2822 assignatione
1032 2745 1207 2826 relinquant.

175 2827 352 2890 Discedendi
370 2839 464 2890 autem
484 2831 630 2890 licentiam
649 2832 678 2892 iu
696 2831 811 2910 scriptis
829 2831 976 2910 gratimus
987 2829 1208 2892 concedendam

175 2917 250 2976 ultra
271 2916 413 2980 bimestre
440 2926 551 2994 tempus
579 2916 634 2975 nisi
669 2935 707 2976 eu
734 2918 816 2994 gravi
843 2935 930 2976 cansa
957 2935 1016 2977 nou
1043 2917 1207 2980 obtineant.

176 3000 315 3076 Quodsi,
342 3021 397 3081 per
421 3001 547 3062 edietum
566 3003 647 3062 citati
669 3003 757 3064 ctiam
783 3023 841 3063 nou
868 3004 1075 3080 personaliter,
1103 3013 1209 3069 contn-

174 3107 272 3147 maces
289 3088 410 3158 ineunt,
434 3089 555 3149 liberum
574 3107 638 3148 esse
656 3089 717 3148 vult
734 3087 903 3162 ordinariis,
926 3108 1136 3167 percensum
1155 3109 1208 3150 ee-

175 3173 368 3246 clesiastices,
389 3183 427 3256 ⁴ct
454 3175 713 3253 sequestrationem
741 3185 773 3234 et
798 3174 1024 3237 subtractionem
1047 3176 1205 3248 fructuum,

174 3259 287 3340 alioque
304 3261 378 3320 ioris
394 3260 534 3333 remedia,
553 3261 640 3320 etiam
650 3280 740 3341 usque
750 3259 787 3320 ad
796 3261 996 3340 privationem,
1015 3263 1206 3341 compellere,

173 3365 228 3406 noc
247 3346 464 3408 exsecutionem
487 3345 559 3406 haue
580 3346 709 3426 quolibet
729 3346 898 3426 privilegio,
922 3347 1055 3420 licentia,
1080 3348 1206 3410 familia-

173 3431 274 3503 ritate,
297 3433 497 3510 exemptione,
521 3433 608 3492 etiam
631 3433 745 3494 ratione
765 3434 958 3512 cuiuscunque
976 3431 1128 3507 beneficii,
1151 3454 1206 3514 pa-

173 3515 286 3587 ctione,
313 3527 435 3590 stntnto,
463 3518 549 3578 etiem
575 3518 735 3579 iuramento
761 3519 809 3579 vel
836 3538 1004 3599 quacunque
1027 3521 1205 3582 auctoritato

33 3621 45 3630 ·
173 3600 356 3673 confirmato,
385 3602 608 3678 consuetudine,
638 3606 724 3666 etiem
747 3604 980 3679 immemorabili,
1011 3625 1087 3685 quoe¹
1108 3608 1205 3688 potins

173 3686 339 3765 corruptele
371 3687 516 3748 censenda
547 3701 606 3763 est,
635 3692 695 3752 sive
726 3691 921 3773 appellatione
949 3701 999 3752 aut
1019 3691 1205 3766 inbibitiono,

172 3915 301 4024 ,nu
315 3917 1019 4032 titt-,etentestestatae-⁰³¹¹·
1089 3932 1108 3973 ¹·
1126 3931 1204 3983 a·
