<?xml version="1.0" encoding="UTF-8"?>
<!DOCTYPE html PUBLIC "-//W3C//DTD XHTML 1.0 Transitional//EN"
    "http://www.w3.org/TR/xhtml1/DTD/xhtml1-transitional.dtd">
<html xmlns="http://www.w3.org/1999/xhtml" xml:lang="en" lang="en">
 <head>
  <title>
</title>
<meta http-equiv="Content-Type" content="text/html;charset=utf-8" />
  <meta name='ocr-system' content='tesseract 3.04.00' />
  <meta name='ocr-capabilities' content='ocr_page ocr_carea ocr_par ocr_line ocrx_word'/>
</head>
<body>
  <div class='ocr_page' id='page_1' title='image "./canonesetdecret00stergoog_0054.png"; bbox 0 0 2652 4330; ppageno 0'>
   <div class='ocr_carea' id='block_1_1' title="bbox 495 87 508 132">
    <p class='ocr_par' dir='ltr' id='par_1_1' title="bbox 495 87 508 132">
     <span class='ocr_line' id='line_1_1' title="bbox 495 87 508 132; baseline 0 0"><span class='ocrx_word' id='word_1_1' title='bbox 495 87 508 132; x_wconf 68' lang='lat' dir='ltr'>d</span> 
     </span>
    </p>
   </div>
   <div class='ocr_carea' id='block_1_2' title="bbox 231 229 1106 292">
    <p class='ocr_par' dir='ltr' id='par_1_2' title="bbox 231 229 1106 292">
     <span class='ocr_line' id='line_1_2' title="bbox 231 229 1106 292; baseline 0.007 -7"><span class='ocrx_word' id='word_1_2' title='bbox 231 229 392 285; x_wconf 75' lang='lat' dir='ltr'><strong>SESSIO</strong></span> <span class='ocrx_word' id='word_1_3' title='bbox 422 229 480 283; x_wconf 87' lang='lat' dir='ltr'><strong>VII.</strong></span> <span class='ocrx_word' id='word_1_4' title='bbox 521 229 580 282; x_wconf 76' lang='lat' dir='ltr'>1)ss</span> <span class='ocrx_word' id='word_1_5' title='bbox 607 229 949 286; x_wconf 69' lang='lat' dir='ltr'>sacrarittttnts.</span> <span class='ocrx_word' id='word_1_6' title='bbox 1051 233 1106 292; x_wconf 72' lang='lat'>4⁸</span> 
     </span>
    </p>
   </div>
   <div class='ocr_carea' id='block_1_3' title="bbox 82 451 1246 2078">
    <p class='ocr_par' dir='ltr' id='par_1_3' title="bbox 90 451 1123 612">
     <span class='ocr_line' id='line_1_3' title="bbox 90 451 1123 542; baseline 0.002 -28"><span class='ocrx_word' id='word_1_7' title='bbox 90 475 104 514; x_wconf 87' lang='lat' dir='ltr'>a</span> <span class='ocrx_word' id='word_1_8' title='bbox 118 457 295 542; x_wconf 79' lang='lat' dir='ltr'>sacramentis</span> <span class='ocrx_word' id='word_1_9' title='bbox 313 457 446 537; x_wconf 62' lang='lat' dir='ltr'>antiQae</span> <span class='ocrx_word' id='word_1_10' title='bbox 466 456 538 539; x_wconf 77' lang='lat' dir='ltr'>legis</span> <span class='ocrx_word' id='word_1_11' title='bbox 553 475 610 514; x_wconf 88' lang='lat' dir='ltr'>nen</span> <span class='ocrx_word' id='word_1_12' title='bbox 624 453 753 528; x_wconf 82' lang='lat' dir='ltr'>differre,</span> <span class='ocrx_word' id='word_1_13' title='bbox 772 457 907 536; x_wconf 85' lang='lat' dir='ltr'>nisiquia</span> <span class='ocrx_word' id='word_1_14' title='bbox 921 451 1123 538; x_wconf 72' lang='lat' dir='ltr'>ceremoniae}</span> 
     </span>
     <span class='ocr_line' id='line_1_4' title="bbox 90 541 838 612; baseline 0 -12"><span class='ocrx_word' id='word_1_15' title='bbox 90 552 143 601; x_wconf 81' lang='lat' dir='ltr'>suut</span> <span class='ocrx_word' id='word_1_16' title='bbox 159 541 240 612; x_wconf 85' lang='lat' dir='ltr'>aliae,</span> <span class='ocrx_word' id='word_1_17' title='bbox 259 551 289 601; x_wconf 93' lang='lat' dir='ltr'>et</span> <span class='ocrx_word' id='word_1_18' title='bbox 307 542 355 600; x_wconf 93' lang='lat' dir='ltr'>alii</span> <span class='ocrx_word' id='word_1_19' title='bbox 373 544 446 600; x_wconf 87' lang='lat' dir='ltr'>ritus</span> <span class='ocrx_word' id='word_1_20' title='bbox 464 543 591 602; x_wconf 81' lang='lat' dir='ltr'>externi:</span> <span class='ocrx_word' id='word_1_21' title='bbox 623 541 774 600; x_wconf 80' lang='lat' dir='ltr'>anatliema</span> <span class='ocrx_word' id='word_1_22' title='bbox 792 543 838 600; x_wconf 85' lang='lat' dir='ltr'>sit.</span> 
     </span>
    </p>

    <p class='ocr_par' dir='ltr' id='par_1_4' title="bbox 88 624 1246 857">
     <span class='ocr_line' id='line_1_5' title="bbox 134 624 1246 707; baseline 0.002 -22"><span class='ocrx_word' id='word_1_23' title='bbox 134 624 229 686; x_wconf 72' lang='lat' dir='ltr'>&#39;Cam</span> <span class='ocrx_word' id='word_1_24' title='bbox 249 627 300 686; x_wconf 92' lang='lat' dir='ltr'>lll.</span> <span class='ocrx_word' id='word_1_25' title='bbox 338 625 455 707; x_wconf 82' lang='lat' dir='ltr'>Siquis</span> <span class='ocrx_word' id='word_1_26' title='bbox 482 625 602 698; x_wconf 77' lang='lat' dir='ltr'>dixerit,</span> <span class='ocrx_word' id='word_1_27' title='bbox 629 627 702 686; x_wconf 86' lang='lat' dir='ltr'>lraee</span> <span class='ocrx_word' id='word_1_28' title='bbox 729 637 839 706; x_wconf 84' lang='lat' dir='ltr'>septem</span> <span class='ocrx_word' id='word_1_29' title='bbox 862 637 1042 688; x_wconf 82' lang='lat' dir='ltr'>sacramenta</span> <span class='ocrx_word' id='word_1_30' title='bbox 1063 629 1140 687; x_wconf 72' lang='lat' dir='ltr'>itali</span> <span class='ocrx_word' id='word_1_31' title='bbox 1240 628 1246 640; x_wconf 80' lang='grc'><strong><em>’</em></strong></span> 
     </span>
     <span class='ocr_line' id='line_1_6' title="bbox 89 712 1173 792; baseline 0.002 -22"><span class='ocrx_word' id='word_1_32' title='bbox 89 731 141 770; x_wconf 83' lang='lat' dir='ltr'>esse</span> <span class='ocrx_word' id='word_1_33' title='bbox 166 713 240 772; x_wconf 92' lang='lat' dir='ltr'>inter</span> <span class='ocrx_word' id='word_1_34' title='bbox 267 732 297 772; x_wconf 91' lang='lat' dir='ltr'>se</span> <span class='ocrx_word' id='word_1_35' title='bbox 324 714 419 792; x_wconf 89' lang='lat' dir='ltr'>paria,</span> <span class='ocrx_word' id='word_1_36' title='bbox 446 714 577 772; x_wconf 89' lang='lat' dir='ltr'>utnulla</span> <span class='ocrx_word' id='word_1_37' title='bbox 600 713 713 772; x_wconf 89' lang='lat' dir='ltr'>ratione</span> <span class='ocrx_word' id='word_1_38' title='bbox 736 712 813 772; x_wconf 91' lang='lat' dir='ltr'>aliud</span> <span class='ocrx_word' id='word_1_39' title='bbox 835 715 874 772; x_wconf 86' lang='lat' dir='ltr'>sit</span> <span class='ocrx_word' id='word_1_40' title='bbox 894 714 951 772; x_wconf 89' lang='lat' dir='ltr'>alio</span> <span class='ocrx_word' id='word_1_41' title='bbox 975 712 1103 791; x_wconf 82' lang='lat' dir='ltr'>dignius:</span> <span class='ocrx_word' id='word_1_42' title='bbox 1121 725 1128 786; x_wconf 76' lang='lat' dir='ltr'>t</span> <span class='ocrx_word' id='word_1_43' title='bbox 1147 721 1173 772; x_wconf 76' lang='lat' dir='ltr'>a</span> 
     </span>
     <span class='ocr_line' id='line_1_7' title="bbox 88 793 1103 857; baseline 0.005 -3"><span class='ocrx_word' id='word_1_44' title='bbox 88 797 220 857; x_wconf 83' lang='lat' dir='ltr'>anathema</span> <span class='ocrx_word' id='word_1_45' title='bbox 239 800 285 857; x_wconf 90' lang='lat' dir='ltr'>sit.</span> <span class='ocrx_word' id='word_1_46' title='bbox 988 793 1103 808; x_wconf 42' lang='lat' dir='ltr'>W</span> 
     </span>
    </p>

    <p class='ocr_par' dir='ltr' id='par_1_5' title="bbox 85 881 1138 1284">
     <span class='ocr_line' id='line_1_8' title="bbox 159 881 1104 962; baseline 0 -20"><span class='ocrx_word' id='word_1_47' title='bbox 159 883 226 942; x_wconf 77' lang='lat' dir='ltr'>Cau.</span> <span class='ocrx_word' id='word_1_48' title='bbox 250 882 301 942; x_wconf 90' lang='lat' dir='ltr'>IV.</span> <span class='ocrx_word' id='word_1_49' title='bbox 344 881 375 941; x_wconf 89' lang='lat' dir='ltr'>Si</span> <span class='ocrx_word' id='word_1_50' title='bbox 399 883 460 962; x_wconf 87' lang='lat' dir='ltr'>quis</span> <span class='ocrx_word' id='word_1_51' title='bbox 483 882 604 954; x_wconf 79' lang='lat' dir='ltr'>dixerit,</span> <span class='ocrx_word' id='word_1_52' title='bbox 632 895 927 944; x_wconf 69' lang='lat' dir='ltr'>sacramentaneus</span> <span class='ocrx_word' id='word_1_53' title='bbox 950 885 1023 962; x_wconf 84' lang='lat' dir='ltr'>legis</span> <span class='ocrx_word' id='word_1_54' title='bbox 1046 904 1104 944; x_wconf 89' lang='lat' dir='ltr'>uun</span> 
     </span>
     <span class='ocr_line' id='line_1_9' title="bbox 87 967 1105 1049; baseline 0.001 -23"><span class='ocrx_word' id='word_1_55' title='bbox 87 987 139 1026; x_wconf 85' lang='lat' dir='ltr'>esse</span> <span class='ocrx_word' id='word_1_56' title='bbox 164 967 200 1027; x_wconf 88' lang='lat' dir='ltr'>ad</span> <span class='ocrx_word' id='word_1_57' title='bbox 226 969 346 1027; x_wconf 87' lang='lat' dir='ltr'>salutem</span> <span class='ocrx_word' id='word_1_58' title='bbox 374 971 553 1041; x_wconf 87' lang='lat' dir='ltr'>necessaria,</span> <span class='ocrx_word' id='word_1_59' title='bbox 581 967 632 1027; x_wconf 88' lang='lat' dir='ltr'>sed</span> <span class='ocrx_word' id='word_1_60' title='bbox 660 970 816 1049; x_wconf 87' lang='lat' dir='ltr'>superllua,</span> <span class='ocrx_word' id='word_1_61' title='bbox 845 980 876 1029; x_wconf 89' lang='lat' dir='ltr'>et</span> <span class='ocrx_word' id='word_1_62' title='bbox 901 971 963 1028; x_wconf 90' lang='lat' dir='ltr'>sine</span> <span class='ocrx_word' id='word_1_63' title='bbox 991 971 1033 1029; x_wconf 89' lang='lat' dir='ltr'>eis</span> <span class='ocrx_word' id='word_1_64' title='bbox 1055 979 1105 1028; x_wconf 92' lang='lat' dir='ltr'>aut</span> 
     </span>
     <span class='ocr_line' id='line_1_10' title="bbox 86 1043 1138 1133; baseline 0.004 -23"><span class='ocrx_word' id='word_1_65' title='bbox 86 1072 169 1112; x_wconf 88' lang='lat' dir='ltr'>eorum</span> <span class='ocrx_word' id='word_1_66' title='bbox 186 1064 254 1112; x_wconf 83' lang='lat' dir='ltr'>voto</span> <span class='ocrx_word' id='word_1_67' title='bbox 273 1073 327 1133; x_wconf 90' lang='lat' dir='ltr'>per</span> <span class='ocrx_word' id='word_1_68' title='bbox 344 1054 434 1112; x_wconf 90' lang='lat' dir='ltr'>solam</span> <span class='ocrx_word' id='word_1_69' title='bbox 453 1052 537 1112; x_wconf 87' lang='lat' dir='ltr'>Iidem</span> <span class='ocrx_word' id='word_1_70' title='bbox 556 1053 686 1113; x_wconf 85' lang='lat' dir='ltr'>homines</span> <span class='ocrx_word' id='word_1_71' title='bbox 705 1073 722 1112; x_wconf 88' lang='lat' dir='ltr'>a</span> <span class='ocrx_word' id='word_1_72' title='bbox 740 1054 802 1113; x_wconf 87' lang='lat' dir='ltr'>Deo</span> <span class='ocrx_word' id='word_1_73' title='bbox 826 1056 948 1132; x_wconf 87' lang='lat' dir='ltr'>gratiam</span> <span class='ocrx_word' id='word_1_74' title='bbox 966 1054 1104 1114; x_wconf 87' lang='lat' dir='ltr'>iustiliea-</span> <span class='ocrx_word' id='word_1_75' title='bbox 1125 1043 1138 1102; x_wconf 70' lang='lat' dir='ltr'>&#39;l</span> 
     </span>
     <span class='ocr_line' id='line_1_11' title="bbox 85 1137 1103 1218; baseline 0.003 -23"><span class='ocrx_word' id='word_1_76' title='bbox 85 1139 159 1198; x_wconf 85' lang='lat' dir='ltr'>tiuurs</span> <span class='ocrx_word' id='word_1_77' title='bbox 183 1137 358 1218; x_wconf 72' lang='lat' dir='ltr'>adipisei¹),</span> <span class='ocrx_word' id='word_1_78' title='bbox 387 1139 457 1199; x_wconf 89' lang='lat' dir='ltr'>lieet</span> <span class='ocrx_word' id='word_1_79' title='bbox 488 1141 583 1198; x_wconf 84' lang='lat' dir='ltr'>omnia</span> <span class='ocrx_word' id='word_1_80' title='bbox 609 1140 729 1218; x_wconf 86' lang='lat' dir='ltr'>siugulis</span> <span class='ocrx_word' id='word_1_81' title='bbox 756 1141 921 1199; x_wconf 84' lang='lat' dir='ltr'>necessaria</span> <span class='ocrx_word' id='word_1_82' title='bbox 947 1159 1004 1198; x_wconf 89' lang='lat' dir='ltr'>nou</span> <span class='ocrx_word' id='word_1_83' title='bbox 1031 1141 1103 1199; x_wconf 85' lang='lat' dir='ltr'>sint:</span> 
     </span>
     <span class='ocr_line' id='line_1_12' title="bbox 85 1224 283 1284; baseline 0.015 -5"><span class='ocrx_word' id='word_1_84' title='bbox 85 1224 218 1284; x_wconf 84' lang='lat' dir='ltr'>anathema</span> <span class='ocrx_word' id='word_1_85' title='bbox 237 1227 283 1283; x_wconf 91' lang='lat' dir='ltr'>sit.</span> 
     </span>
    </p>

    <p class='ocr_par' dir='ltr' id='par_1_6' title="bbox 84 1303 1101 1456">
     <span class='ocr_line' id='line_1_13' title="bbox 156 1303 1101 1389; baseline 0.003 -22"><span class='ocrx_word' id='word_1_86' title='bbox 156 1309 223 1369; x_wconf 76' lang='lat' dir='ltr'>Cau.</span> <span class='ocrx_word' id='word_1_87' title='bbox 241 1309 279 1368; x_wconf 92' lang='lat' dir='ltr'>V.</span> <span class='ocrx_word' id='word_1_88' title='bbox 318 1303 349 1368; x_wconf 89' lang='lat' dir='ltr'>Si</span> <span class='ocrx_word' id='word_1_89' title='bbox 369 1311 431 1388; x_wconf 88' lang='lat' dir='ltr'>quis</span> <span class='ocrx_word' id='word_1_90' title='bbox 449 1308 565 1381; x_wconf 81' lang='lat' dir='ltr'>dixerit,</span> <span class='ocrx_word' id='word_1_91' title='bbox 584 1309 657 1370; x_wconf 84' lang='lat' dir='ltr'>haee</span> <span class='ocrx_word' id='word_1_92' title='bbox 676 1319 857 1370; x_wconf 73' lang='lat' dir='ltr'>sacramenta</span> <span class='ocrx_word' id='word_1_93' title='bbox 874 1321 995 1389; x_wconf 89' lang='lat' dir='ltr'>propter</span> <span class='ocrx_word' id='word_1_94' title='bbox 1011 1311 1101 1370; x_wconf 87' lang='lat' dir='ltr'>solam</span> 
     </span>
     <span class='ocr_line' id='line_1_14' title="bbox 84 1393 873 1456; baseline 0.005 -6"><span class='ocrx_word' id='word_1_95' title='bbox 84 1393 155 1453; x_wconf 88' lang='lat' dir='ltr'>idem</span> <span class='ocrx_word' id='word_1_96' title='bbox 173 1394 353 1455; x_wconf 78' lang='lat' dir='ltr'>nutriendam</span> <span class='ocrx_word' id='word_1_97' title='bbox 371 1396 499 1455; x_wconf 84' lang='lat' dir='ltr'>Instituta</span> <span class='ocrx_word' id='word_1_98' title='bbox 517 1397 621 1454; x_wconf 83' lang='lat' dir='ltr'>luisse:</span> <span class='ocrx_word' id='word_1_99' title='bbox 658 1397 809 1456; x_wconf 88' lang='lat' dir='ltr'>anathema</span> <span class='ocrx_word' id='word_1_100' title='bbox 826 1397 873 1454; x_wconf 89' lang='lat' dir='ltr'>sit.</span> 
     </span>
    </p>

    <p class='ocr_par' dir='ltr' id='par_1_7' title="bbox 82 1479 1168 1970">
     <span class='ocr_line' id='line_1_15' title="bbox 155 1479 1122 1563; baseline 0.001 -23"><span class='ocrx_word' id='word_1_101' title='bbox 155 1481 221 1540; x_wconf 77' lang='lat' dir='ltr'>Cau.</span> <span class='ocrx_word' id='word_1_102' title='bbox 239 1479 292 1540; x_wconf 90' lang='lat' dir='ltr'>VI.</span> <span class='ocrx_word' id='word_1_103' title='bbox 331 1479 362 1539; x_wconf 90' lang='lat' dir='ltr'>Si</span> <span class='ocrx_word' id='word_1_104' title='bbox 386 1482 447 1560; x_wconf 88' lang='lat' dir='ltr'>quis</span> <span class='ocrx_word' id='word_1_105' title='bbox 473 1481 594 1560; x_wconf 74' lang='lat' dir='ltr'>diruerit,</span> <span class='ocrx_word' id='word_1_106' title='bbox 622 1492 803 1541; x_wconf 80' lang='lat' dir='ltr'>sacramenta</span> <span class='ocrx_word' id='word_1_107' title='bbox 829 1501 920 1541; x_wconf 86' lang='lat' dir='ltr'>novae</span> <span class='ocrx_word' id='word_1_108' title='bbox 944 1481 1017 1560; x_wconf 85' lang='lat' dir='ltr'>legis</span> <span class='ocrx_word' id='word_1_109' title='bbox 1043 1500 1122 1563; x_wconf 69' lang='lat' dir='ltr'>nonq</span> 
     </span>
     <span class='ocr_line' id='line_1_16' title="bbox 84 1567 1168 1648; baseline 0.004 -25"><span class='ocrx_word' id='word_1_110' title='bbox 84 1567 216 1626; x_wconf 83' lang='lat' dir='ltr'>continere</span> <span class='ocrx_word' id='word_1_111' title='bbox 234 1567 356 1645; x_wconf 84' lang='lat' dir='ltr'>gratiam</span> <span class='ocrx_word' id='word_1_112' title='bbox 368 1569 411 1642; x_wconf 79' lang='lat'>²),</span> <span class='ocrx_word' id='word_1_113' title='bbox 431 1586 513 1646; x_wconf 83' lang='lat' dir='ltr'>qnam</span> <span class='ocrx_word' id='word_1_114' title='bbox 533 1567 709 1645; x_wconf 84' lang='lat' dir='ltr'>significant,</span> <span class='ocrx_word' id='word_1_115' title='bbox 728 1577 778 1626; x_wconf 89' lang='lat' dir='ltr'>aut</span> <span class='ocrx_word' id='word_1_116' title='bbox 795 1569 917 1646; x_wconf 79' lang='lat' dir='ltr'>gratiam</span> <span class='ocrx_word' id='word_1_117' title='bbox 935 1568 1024 1646; x_wconf 80' lang='lat' dir='ltr'>ipsam</span> <span class='ocrx_word' id='word_1_118' title='bbox 1043 1587 1123 1648; x_wconf 39' lang='lat' dir='ltr'>uun„</span> <span class='ocrx_word' id='word_1_119' title='bbox 1165 1592 1168 1597; x_wconf 69' lang='grc'><strong>’</strong></span> 
     </span>
     <span class='ocr_line' id='line_1_17' title="bbox 82 1642 1125 1734; baseline 0.004 -26"><span class='ocrx_word' id='word_1_120' title='bbox 82 1652 236 1728; x_wconf 77' lang='lat' dir='ltr'>ponentibus</span> <span class='ocrx_word' id='word_1_121' title='bbox 256 1652 370 1730; x_wconf 84' lang='lat' dir='ltr'>obicem</span> <span class='ocrx_word' id='word_1_122' title='bbox 388 1672 445 1711; x_wconf 91' lang='lat' dir='ltr'>uon</span> <span class='ocrx_word' id='word_1_123' title='bbox 469 1654 617 1725; x_wconf 82' lang='lat' dir='ltr'>conferre,</span> <span class='ocrx_word' id='word_1_124' title='bbox 646 1655 726 1734; x_wconf 89' lang='lat' dir='ltr'>quasi</span> <span class='ocrx_word' id='word_1_125' title='bbox 744 1655 826 1732; x_wconf 90' lang='lat' dir='ltr'>sigua</span> <span class='ocrx_word' id='word_1_126' title='bbox 848 1662 956 1712; x_wconf 86' lang='lat' dir='ltr'>tautum</span> <span class='ocrx_word' id='word_1_127' title='bbox 980 1642 1125 1713; x_wconf 77' lang='lat' dir='ltr'>exterua&#39;</span> 
     </span>
     <span class='ocr_line' id='line_1_18' title="bbox 83 1736 1100 1819; baseline 0.005 -26"><span class='ocrx_word' id='word_1_128' title='bbox 83 1739 128 1795; x_wconf 90' lang='lat' dir='ltr'>siut</span> <span class='ocrx_word' id='word_1_129' title='bbox 143 1749 278 1817; x_wconf 85' lang='lat' dir='ltr'>acceptae</span> <span class='ocrx_word' id='word_1_130' title='bbox 297 1757 352 1818; x_wconf 88' lang='lat' dir='ltr'>per</span> <span class='ocrx_word' id='word_1_131' title='bbox 369 1737 453 1796; x_wconf 89' lang='lat' dir='ltr'>iidem</span> <span class='ocrx_word' id='word_1_132' title='bbox 468 1740 579 1818; x_wconf 87' lang='lat' dir='ltr'>gratiae</span> <span class='ocrx_word' id='word_1_133' title='bbox 593 1739 640 1798; x_wconf 86' lang='lat' dir='ltr'>vel</span> <span class='ocrx_word' id='word_1_134' title='bbox 655 1740 790 1808; x_wconf 85' lang='lat' dir='ltr'>iustitiae,</span> <span class='ocrx_word' id='word_1_135' title='bbox 810 1748 840 1798; x_wconf 88' lang='lat' dir='ltr'>et</span> <span class='ocrx_word' id='word_1_136' title='bbox 855 1749 941 1798; x_wconf 73' lang='lat' dir='ltr'>numu</span> <span class='ocrx_word' id='word_1_137' title='bbox 960 1736 1100 1819; x_wconf 88' lang='lat' dir='ltr'>quaedam</span> 
     </span>
     <span class='ocr_line' id='line_1_19' title="bbox 83 1821 1102 1904; baseline 0.006 -26"><span class='ocrx_word' id='word_1_138' title='bbox 83 1821 245 1884; x_wconf 79' lang='lat' dir='ltr'>Christianae</span> <span class='ocrx_word' id='word_1_139' title='bbox 273 1825 478 1903; x_wconf 80' lang='lat' dir='ltr'>professionis,</span> <span class='ocrx_word' id='word_1_140' title='bbox 511 1825 612 1903; x_wconf 87' lang='lat' dir='ltr'>quihus</span> <span class='ocrx_word' id='word_1_141' title='bbox 639 1825 714 1904; x_wconf 93' lang='lat' dir='ltr'>apud</span> <span class='ocrx_word' id='word_1_142' title='bbox 741 1825 871 1883; x_wconf 85' lang='lat' dir='ltr'>homiues</span> <span class='ocrx_word' id='word_1_143' title='bbox 897 1823 1102 1885; x_wconf 82' lang='lat' dir='ltr'>discernuntur</span> 
     </span>
     <span class='ocr_line' id='line_1_20' title="bbox 82 1906 665 1970; baseline 0.007 -6"><span class='ocrx_word' id='word_1_144' title='bbox 82 1906 166 1968; x_wconf 84' lang='lat' dir='ltr'>fideles</span> <span class='ocrx_word' id='word_1_145' title='bbox 183 1911 217 1970; x_wconf 88' lang='lat' dir='ltr'>ab</span> <span class='ocrx_word' id='word_1_146' title='bbox 236 1909 414 1970; x_wconf 83' lang='lat' dir='ltr'>infidelibus:</span> <span class='ocrx_word' id='word_1_147' title='bbox 451 1911 601 1969; x_wconf 88' lang='lat' dir='ltr'>anathema</span> <span class='ocrx_word' id='word_1_148' title='bbox 620 1911 665 1968; x_wconf 85' lang='lat' dir='ltr'>sit.</span> 
     </span>
    </p>

    <p class='ocr_par' dir='ltr' id='par_1_8' title="bbox 153 1994 1099 2078">
     <span class='ocr_line' id='line_1_21' title="bbox 153 1994 1099 2078; baseline -0.002 -24"><span class='ocrx_word' id='word_1_149' title='bbox 153 1995 219 2054; x_wconf 75' lang='lat' dir='ltr'>Gru.</span> <span class='ocrx_word' id='word_1_150' title='bbox 238 1994 306 2054; x_wconf 94' lang='lat' dir='ltr'><strong>VII.</strong></span> <span class='ocrx_word' id='word_1_151' title='bbox 345 1995 376 2056; x_wconf 93' lang='lat' dir='ltr'>Si</span> <span class='ocrx_word' id='word_1_152' title='bbox 395 1997 457 2078; x_wconf 89' lang='lat' dir='ltr'>quis</span> <span class='ocrx_word' id='word_1_153' title='bbox 479 1994 599 2068; x_wconf 84' lang='lat' dir='ltr'>dixerit,</span> <span class='ocrx_word' id='word_1_154' title='bbox 619 2015 677 2054; x_wconf 89' lang='lat' dir='ltr'>non</span> <span class='ocrx_word' id='word_1_155' title='bbox 695 1994 758 2054; x_wconf 89' lang='lat' dir='ltr'>dari</span> <span class='ocrx_word' id='word_1_156' title='bbox 782 1996 903 2073; x_wconf 80' lang='lat' dir='ltr'>gratiam</span> <span class='ocrx_word' id='word_1_157' title='bbox 926 2013 980 2073; x_wconf 87' lang='lat' dir='ltr'>per</span> <span class='ocrx_word' id='word_1_158' title='bbox 1002 1995 1099 2053; x_wconf 86' lang='lat' dir='ltr'>huius-</span> 
     </span>
    </p>
   </div>
   <div class='ocr_carea' id='block_1_4' title="bbox 81 2077 1106 2166">
    <p class='ocr_par' dir='ltr' id='par_1_9' title="bbox 81 2077 1106 2166">
     <span class='ocr_line' id='line_1_22' title="bbox 81 2077 1106 2166; baseline 0.003 -31"><span class='ocrx_word' id='word_1_159' title='bbox 81 2077 145 2138; x_wconf 88' lang='lat' dir='ltr'>modi</span> <span class='ocrx_word' id='word_1_160' title='bbox 165 2093 345 2142; x_wconf 86' lang='lat' dir='ltr'>saerameuta</span> <span class='ocrx_word' id='word_1_161' title='bbox 367 2092 535 2162; x_wconf 56' lang='lat' dir='ltr'>sempeffit,</span> <span class='ocrx_word' id='word_1_162' title='bbox 557 2081 699 2157; x_wconf 71' lang='lat' dir='ltr'>omuibus,</span> <span class='ocrx_word' id='word_1_163' title='bbox 726 2091 860 2166; x_wconf 76' lang='lat' dir='ltr'>qnantum</span> <span class='ocrx_word' id='word_1_164' title='bbox 889 2092 934 2140; x_wconf 88' lang='lat' dir='ltr'>est</span> <span class='ocrx_word' id='word_1_165' title='bbox 956 2099 996 2154; x_wconf 83' lang='lat' dir='ltr'>ex</span> <span class='ocrx_word' id='word_1_166' title='bbox 1015 2089 1106 2160; x_wconf 30' lang='lat' dir='ltr'>parte*</span> 
     </span>
    </p>
   </div>
   <div class='ocr_carea' id='block_1_5' title="bbox 79 2162 1165 2657">
    <p class='ocr_par' dir='ltr' id='par_1_10' title="bbox 80 2162 1097 2314">
     <span class='ocr_line' id='line_1_23' title="bbox 81 2162 1097 2252; baseline -0.001 -26"><span class='ocrx_word' id='word_1_167' title='bbox 81 2162 138 2252; x_wconf 52' lang='lat' dir='ltr'>Ilei,</span> <span class='ocrx_word' id='word_1_168' title='bbox 163 2170 246 2227; x_wconf 89' lang='lat' dir='ltr'>etiam</span> <span class='ocrx_word' id='word_1_169' title='bbox 266 2170 291 2228; x_wconf 91' lang='lat' dir='ltr'>si</span> <span class='ocrx_word' id='word_1_170' title='bbox 309 2170 365 2228; x_wconf 91' lang='lat' dir='ltr'>rite</span> <span class='ocrx_word' id='word_1_171' title='bbox 385 2187 420 2228; x_wconf 91' lang='lat' dir='ltr'>ea</span> <span class='ocrx_word' id='word_1_172' title='bbox 439 2170 610 2248; x_wconf 84' lang='lat' dir='ltr'>suscipiant,</span> <span class='ocrx_word' id='word_1_173' title='bbox 638 2167 689 2228; x_wconf 90' lang='lat' dir='ltr'>sed</span> <span class='ocrx_word' id='word_1_174' title='bbox 713 2166 865 2246; x_wconf 88' lang='lat' dir='ltr'>aliquande</span> <span class='ocrx_word' id='word_1_175' title='bbox 889 2177 919 2226; x_wconf 91' lang='lat' dir='ltr'>et</span> <span class='ocrx_word' id='word_1_176' title='bbox 940 2167 1097 2246; x_wconf 83' lang='lat' dir='ltr'>aliquibus:</span> 
     </span>
     <span class='ocr_line' id='line_1_24' title="bbox 80 2251 279 2314; baseline 0.045 -9"><span class='ocrx_word' id='word_1_177' title='bbox 80 2251 213 2313; x_wconf 88' lang='lat' dir='ltr'>anathema</span> <span class='ocrx_word' id='word_1_178' title='bbox 230 2256 279 2314; x_wconf 87' lang='lat' dir='ltr'>sit.</span> 
     </span>
    </p>

    <p class='ocr_par' dir='ltr' id='par_1_11' title="bbox 79 2337 1165 2657">
     <span class='ocr_line' id='line_1_25' title="bbox 152 2337 1096 2420; baseline -0.001 -24"><span class='ocrx_word' id='word_1_179' title='bbox 152 2337 218 2398; x_wconf 74' lang='lat' dir='ltr'>Ciu.</span> <span class='ocrx_word' id='word_1_180' title='bbox 237 2339 319 2400; x_wconf 89' lang='lat' dir='ltr'><strong>VIII.</strong></span> <span class='ocrx_word' id='word_1_181' title='bbox 357 2337 389 2399; x_wconf 84' lang='lat' dir='ltr'>st</span> <span class='ocrx_word' id='word_1_182' title='bbox 409 2342 471 2420; x_wconf 87' lang='lat' dir='ltr'>quis</span> <span class='ocrx_word' id='word_1_183' title='bbox 489 2339 609 2412; x_wconf 84' lang='lat' dir='ltr'>dixerit,</span> <span class='ocrx_word' id='word_1_184' title='bbox 637 2359 691 2420; x_wconf 88' lang='lat' dir='ltr'>per</span> <span class='ocrx_word' id='word_1_185' title='bbox 708 2341 768 2418; x_wconf 92' lang='lat' dir='ltr'>ipsa</span> <span class='ocrx_word' id='word_1_186' title='bbox 792 2356 882 2397; x_wconf 88' lang='lat' dir='ltr'>novae</span> <span class='ocrx_word' id='word_1_187' title='bbox 906 2337 980 2416; x_wconf 83' lang='lat' dir='ltr'>legis</span> <span class='ocrx_word' id='word_1_188' title='bbox 998 2356 1096 2396; x_wconf 87' lang='lat' dir='ltr'>saera·</span> 
     </span>
     <span class='ocr_line' id='line_1_26' title="bbox 80 2421 1165 2508; baseline 0.008 -31"><span class='ocrx_word' id='word_1_189' title='bbox 80 2433 161 2482; x_wconf 86' lang='lat' dir='ltr'>menta</span> <span class='ocrx_word' id='word_1_190' title='bbox 186 2445 339 2508; x_wconf 66' lang='lat' dir='ltr'>Qere</span> <span class='ocrx_word' id='word_1_191' title='bbox 368 2437 496 2506; x_wconf 68' lang='lat' dir='ltr'>operato„</span> <span class='ocrx_word' id='word_1_192' title='bbox 515 2431 575 2486; x_wconf 85' lang='lat' dir='ltr'>nori</span> <span class='ocrx_word' id='word_1_193' title='bbox 600 2427 728 2485; x_wconf 84' lang='lat' dir='ltr'>conferri</span> <span class='ocrx_word' id='word_1_194' title='bbox 755 2426 894 2502; x_wconf 82' lang='lat' dir='ltr'>gratiam,</span> <span class='ocrx_word' id='word_1_195' title='bbox 927 2421 978 2482; x_wconf 87' lang='lat' dir='ltr'>sed</span> <span class='ocrx_word' id='word_1_196' title='bbox 1006 2422 1132 2481; x_wconf 75' lang='lat' dir='ltr'>solamen</span> <span class='ocrx_word' id='word_1_197' title='bbox 1150 2434 1165 2490; x_wconf 84' lang='lat' dir='ltr'>u</span> 
     </span>
     <span class='ocr_line' id='line_1_27' title="bbox 80 2502 1094 2593; baseline 0.004 -32"><span class='ocrx_word' id='word_1_198' title='bbox 80 2504 151 2566; x_wconf 89' lang='lat' dir='ltr'>iidem</span> <span class='ocrx_word' id='word_1_199' title='bbox 168 2509 281 2571; x_wconf 86' lang='lat' dir='ltr'>divinae</span> <span class='ocrx_word' id='word_1_200' title='bbox 293 2502 497 2593; x_wconf 85' lang='lat' dir='ltr'>¹promissionis</span> <span class='ocrx_word' id='word_1_201' title='bbox 515 2510 551 2571; x_wconf 93' lang='lat' dir='ltr'>ad</span> <span class='ocrx_word' id='word_1_202' title='bbox 569 2513 691 2590; x_wconf 84' lang='lat' dir='ltr'>gratiam</span> <span class='ocrx_word' id='word_1_203' title='bbox 706 2507 935 2589; x_wconf 84' lang='lat' dir='ltr'>consequendam</span> <span class='ocrx_word' id='word_1_204' title='bbox 949 2507 1094 2568; x_wconf 82' lang='lat' dir='ltr'>sufficere:</span> 
     </span>
     <span class='ocr_line' id='line_1_28' title="bbox 79 2593 277 2657; baseline 0.051 -10"><span class='ocrx_word' id='word_1_205' title='bbox 79 2593 212 2656; x_wconf 86' lang='lat' dir='ltr'>anathema</span> <span class='ocrx_word' id='word_1_206' title='bbox 230 2599 277 2657; x_wconf 90' lang='lat' dir='ltr'>sit.</span> 
     </span>
    </p>
   </div>
   <div class='ocr_carea' id='block_1_6' title="bbox 78 2764 1122 3630">
    <p class='ocr_par' dir='ltr' id='par_1_12' title="bbox 79 2764 1096 3019">
     <span class='ocr_line' id='line_1_29' title="bbox 80 2764 1095 2847; baseline 0.003 -27"><span class='ocrx_word' id='word_1_207' title='bbox 80 2764 166 2839; x_wconf 86' lang='lat' dir='ltr'>ptismu</span> <span class='ocrx_word' id='word_1_208' title='bbox 185 2768 312 2840; x_wconf 87' lang='lat' dir='ltr'>seilicet,</span> <span class='ocrx_word' id='word_1_209' title='bbox 337 2769 569 2840; x_wconf 83' lang='lat' dir='ltr'>confirmatione,</span> <span class='ocrx_word' id='word_1_210' title='bbox 589 2778 619 2828; x_wconf 89' lang='lat' dir='ltr'>et</span> <span class='ocrx_word' id='word_1_211' title='bbox 637 2767 752 2839; x_wconf 87' lang='lat' dir='ltr'>ordine,</span> <span class='ocrx_word' id='word_1_212' title='bbox 776 2787 834 2826; x_wconf 91' lang='lat' dir='ltr'>non</span> <span class='ocrx_word' id='word_1_213' title='bbox 852 2767 974 2847; x_wconf 87' lang='lat' dir='ltr'>imprimi</span> <span class='ocrx_word' id='word_1_214' title='bbox 993 2765 1095 2824; x_wconf 86' lang='lat' dir='ltr'>elrara-</span> 
     </span>
     <span class='ocr_line' id='line_1_30' title="bbox 80 2849 1096 2933; baseline -0.001 -24"><span class='ocrx_word' id='word_1_215' title='bbox 80 2858 174 2912; x_wconf 85' lang='lat' dir='ltr'>tterern</span> <span class='ocrx_word' id='word_1_216' title='bbox 190 2855 219 2912; x_wconf 92' lang='lat' dir='ltr'>in</span> <span class='ocrx_word' id='word_1_217' title='bbox 238 2855 342 2927; x_wconf 87' lang='lat' dir='ltr'>anima,</span> <span class='ocrx_word' id='word_1_218' title='bbox 360 2855 417 2915; x_wconf 88' lang='lat' dir='ltr'>hou</span> <span class='ocrx_word' id='word_1_219' title='bbox 435 2864 489 2926; x_wconf 88' lang='lat' dir='ltr'>est,</span> <span class='ocrx_word' id='word_1_220' title='bbox 508 2855 618 2933; x_wconf 87' lang='lat' dir='ltr'>siguum</span> <span class='ocrx_word' id='word_1_221' title='bbox 638 2853 779 2932; x_wconf 86' lang='lat' dir='ltr'>quoddam</span> <span class='ocrx_word' id='word_1_222' title='bbox 798 2853 946 2931; x_wconf 87' lang='lat' dir='ltr'>spirituale</span> <span class='ocrx_word' id='word_1_223' title='bbox 965 2861 996 2910; x_wconf 90' lang='lat' dir='ltr'>et</span> <span class='ocrx_word' id='word_1_224' title='bbox 1012 2849 1096 2908; x_wconf 87' lang='lat' dir='ltr'>inde·</span> 
     </span>
     <span class='ocr_line' id='line_1_31' title="bbox 79 2932 904 3019; baseline 0.004 -27"><span class='ocrx_word' id='word_1_225' title='bbox 79 2932 160 3010; x_wconf 85' lang='lat' dir='ltr'>lebile,</span> <span class='ocrx_word' id='word_1_226' title='bbox 177 2939 253 3000; x_wconf 88' lang='lat' dir='ltr'>uude</span> <span class='ocrx_word' id='word_1_227' title='bbox 273 2959 309 3000; x_wconf 90' lang='lat' dir='ltr'>ea</span> <span class='ocrx_word' id='word_1_228' title='bbox 326 2941 427 3000; x_wconf 86' lang='lat' dir='ltr'>iterari</span> <span class='ocrx_word' id='word_1_229' title='bbox 444 2959 501 2998; x_wconf 89' lang='lat' dir='ltr'>nun</span> <span class='ocrx_word' id='word_1_230' title='bbox 520 2949 651 3019; x_wconf 87' lang='lat' dir='ltr'>possunt:</span> <span class='ocrx_word' id='word_1_231' title='bbox 688 2939 839 2997; x_wconf 88' lang='lat' dir='ltr'>anathema</span> <span class='ocrx_word' id='word_1_232' title='bbox 857 2939 904 2995; x_wconf 89' lang='lat' dir='ltr'>sit.</span> 
     </span>
    </p>

    <p class='ocr_par' dir='ltr' id='par_1_13' title="bbox 78 3018 1093 3256">
     <span class='ocr_line' id='line_1_32' title="bbox 151 3018 1093 3106; baseline -0.006 -24"><span class='ocrx_word' id='word_1_233' title='bbox 151 3023 218 3084; x_wconf 74' lang='lat' dir='ltr'>Can.</span> <span class='ocrx_word' id='word_1_234' title='bbox 238 3024 276 3084; x_wconf 91' lang='lat' dir='ltr'>X.</span> <span class='ocrx_word' id='word_1_235' title='bbox 314 3024 427 3106; x_wconf 87' lang='lat' dir='ltr'>Siquis</span> <span class='ocrx_word' id='word_1_236' title='bbox 446 3024 565 3096; x_wconf 74' lang='lat' dir='ltr'>diruerit,</span> <span class='ocrx_word' id='word_1_237' title='bbox 594 3025 774 3083; x_wconf 83' lang='lat' dir='ltr'>Christianos</span> <span class='ocrx_word' id='word_1_238' title='bbox 796 3039 895 3080; x_wconf 87' lang='lat' dir='ltr'>ornnes</span> <span class='ocrx_word' id='word_1_239' title='bbox 917 3022 946 3078; x_wconf 87' lang='lat' dir='ltr'>in</span> <span class='ocrx_word' id='word_1_240' title='bbox 963 3018 1093 3094; x_wconf 57' lang='lat' dir='ltr'>verbm)</span> 
     </span>
     <span class='ocr_line' id='line_1_33' title="bbox 79 3107 1092 3185; baseline -0.004 -19"><span class='ocrx_word' id='word_1_241' title='bbox 79 3113 103 3161; x_wconf 85' lang='lat' dir='ltr'>et</span> <span class='ocrx_word' id='word_1_242' title='bbox 128 3110 252 3169; x_wconf 84' lang='lat' dir='ltr'>omnihus</span> <span class='ocrx_word' id='word_1_243' title='bbox 284 3113 471 3172; x_wconf 80' lang='lat' dir='ltr'>sacramentis</span> <span class='ocrx_word' id='word_1_244' title='bbox 504 3108 733 3169; x_wconf 89' lang='lat' dir='ltr'>administrandis</span> <span class='ocrx_word' id='word_1_245' title='bbox 764 3107 872 3168; x_wconf 88' lang='lat' dir='ltr'>habere</span> <span class='ocrx_word' id='word_1_246' title='bbox 904 3113 1092 3185; x_wconf 78' lang='lat' dir='ltr'>potestatem:</span> 
     </span>
     <span class='ocr_line' id='line_1_34' title="bbox 78 3193 276 3256; baseline 0.061 -12"><span class='ocrx_word' id='word_1_247' title='bbox 78 3193 212 3254; x_wconf 86' lang='lat' dir='ltr'>anathema</span> <span class='ocrx_word' id='word_1_248' title='bbox 229 3198 276 3256; x_wconf 90' lang='lat' dir='ltr'>sit.</span> 
     </span>
    </p>

    <p class='ocr_par' dir='ltr' id='par_1_14' title="bbox 78 3276 1122 3530">
     <span class='ocr_line' id='line_1_35' title="bbox 151 3276 1120 3362; baseline -0.006 -23"><span class='ocrx_word' id='word_1_249' title='bbox 151 3279 218 3340; x_wconf 73' lang='lat' dir='ltr'>Cin.</span> <span class='ocrx_word' id='word_1_250' title='bbox 237 3280 288 3341; x_wconf 89' lang='grc' dir='ltr'>ΧΙ.</span> <span class='ocrx_word' id='word_1_251' title='bbox 309 3280 341 3341; x_wconf 85' lang='lat' dir='ltr'>Si</span> <span class='ocrx_word' id='word_1_252' title='bbox 360 3283 422 3362; x_wconf 88' lang='lat' dir='ltr'>quis</span> <span class='ocrx_word' id='word_1_253' title='bbox 440 3280 555 3354; x_wconf 89' lang='lat' dir='ltr'>dixerit,</span> <span class='ocrx_word' id='word_1_254' title='bbox 574 3282 603 3340; x_wconf 92' lang='lat' dir='ltr'>iu</span> <span class='ocrx_word' id='word_1_255' title='bbox 622 3282 757 3340; x_wconf 88' lang='lat' dir='ltr'>ministris</span> <span class='ocrx_word' id='word_1_256' title='bbox 767 3282 810 3355; x_wconf 61' lang='grc' dir='ltr'>ὅ),</span> <span class='ocrx_word' id='word_1_257' title='bbox 829 3276 894 3337; x_wconf 91' lang='lat' dir='ltr'>dum</span> <span class='ocrx_word' id='word_1_258' title='bbox 913 3284 1093 3336; x_wconf 80' lang='lat' dir='ltr'>sacramenta</span> <span class='ocrx_word' id='word_1_259' title='bbox 1106 3325 1120 3359; x_wconf 80' lang='lat' dir='ltr'>u</span> 
     </span>
     <span class='ocr_line' id='line_1_36' title="bbox 79 3360 1122 3447; baseline 0.005 -33"><span class='ocrx_word' id='word_1_260' title='bbox 79 3362 220 3424; x_wconf 78' lang='lat' dir='ltr'>enutriunt</span> <span class='ocrx_word' id='word_1_261' title='bbox 243 3377 273 3426; x_wconf 88' lang='lat' dir='ltr'>et</span> <span class='ocrx_word' id='word_1_262' title='bbox 300 3369 465 3439; x_wconf 85' lang='lat' dir='ltr'>eouierunt,</span> <span class='ocrx_word' id='word_1_263' title='bbox 493 3385 550 3427; x_wconf 90' lang='lat' dir='ltr'>non</span> <span class='ocrx_word' id='word_1_264' title='bbox 573 3368 681 3447; x_wconf 89' lang='lat' dir='ltr'>requiri</span> <span class='ocrx_word' id='word_1_265' title='bbox 708 3367 895 3427; x_wconf 85' lang='lat' dir='ltr'>intentionem</span> <span class='ocrx_word' id='word_1_266' title='bbox 922 3361 1022 3421; x_wconf 88' lang='lat' dir='ltr'>saltem</span> <span class='ocrx_word' id='word_1_267' title='bbox 1049 3360 1122 3434; x_wconf 76' lang='lat' dir='ltr'>ia-it</span> 
     </span>
     <span class='ocr_line' id='line_1_37' title="bbox 78 3444 750 3530; baseline 0.013 -28"><span class='ocrx_word' id='word_1_268' title='bbox 78 3444 161 3508; x_wconf 80' lang='lat' dir='ltr'>ciendi</span> <span class='ocrx_word' id='word_1_269' title='bbox 178 3445 343 3530; x_wconf 65' lang='lat' dir='ltr'>qnod&#39;iaeit</span> <span class='ocrx_word' id='word_1_270' title='bbox 359 3454 498 3514; x_wconf 81' lang='lat' dir='ltr'>ecelesia:</span> <span class='ocrx_word' id='word_1_271' title='bbox 535 3454 686 3513; x_wconf 89' lang='lat' dir='ltr'>anathema</span> <span class='ocrx_word' id='word_1_272' title='bbox 704 3455 750 3513; x_wconf 89' lang='lat' dir='ltr'>sit.</span> 
     </span>
    </p>

    <p class='ocr_par' dir='ltr' id='par_1_15' title="bbox 151 3532 1093 3630">
     <span class='ocr_line' id='line_1_38' title="bbox 151 3532 1093 3630; baseline -0.003 -36"><span class='ocrx_word' id='word_1_273' title='bbox 151 3533 218 3596; x_wconf 79' lang='lat' dir='ltr'>Cau.</span> <span class='ocrx_word' id='word_1_274' title='bbox 238 3537 303 3599; x_wconf 86' lang='lat' dir='ltr'><strong>XII.</strong></span> <span class='ocrx_word' id='word_1_275' title='bbox 341 3537 372 3598; x_wconf 89' lang='lat' dir='ltr'>Si</span> <span class='ocrx_word' id='word_1_276' title='bbox 392 3540 454 3630; x_wconf 82' lang='lat' dir='ltr'>quis</span> <span class='ocrx_word' id='word_1_277' title='bbox 472 3538 592 3612; x_wconf 85' lang='lat' dir='ltr'>dixerit,</span> <span class='ocrx_word' id='word_1_278' title='bbox 611 3541 767 3600; x_wconf 87' lang='lat' dir='ltr'>ministrum</span> <span class='ocrx_word' id='word_1_279' title='bbox 786 3539 814 3596; x_wconf 91' lang='lat' dir='ltr'>in</span> <span class='ocrx_word' id='word_1_280' title='bbox 833 3545 955 3614; x_wconf 82' lang='lat' dir='ltr'>peecata</span> <span class='ocrx_word' id='word_1_281' title='bbox 979 3532 1093 3593; x_wconf 84' lang='lat' dir='ltr'>mortali</span> 
     </span>
    </p>
   </div>
   <div class='ocr_carea' id='block_1_7' title="bbox 78 3617 1092 3747">
    <p class='ocr_par' dir='ltr' id='par_1_16' title="bbox 78 3617 1092 3747">
     <span class='ocr_line' id='line_1_39' title="bbox 78 3617 1092 3703; baseline 0.001 -29"><span class='ocrx_word' id='word_1_282' title='bbox 78 3617 261 3695; x_wconf 80' lang='lat' dir='ltr'>exsistentem,</span> <span class='ocrx_word' id='word_1_283' title='bbox 288 3622 373 3685; x_wconf 88' lang='lat' dir='ltr'>modo</span> <span class='ocrx_word' id='word_1_284' title='bbox 398 3626 493 3685; x_wconf 88' lang='lat' dir='ltr'>omnia</span> <span class='ocrx_word' id='word_1_285' title='bbox 515 3626 693 3697; x_wconf 81' lang='lat' dir='ltr'>essentialia,</span> <span class='ocrx_word' id='word_1_286' title='bbox 721 3642 793 3703; x_wconf 90' lang='lat' dir='ltr'>quae</span> <span class='ocrx_word' id='word_1_287' title='bbox 822 3619 858 3680; x_wconf 90' lang='lat' dir='ltr'>ad</span> <span class='ocrx_word' id='word_1_288' title='bbox 885 3628 1092 3681; x_wconf 84' lang='lat' dir='ltr'>sacramentum</span> 
     </span>
     <span class='ocr_line' id='line_1_40' title="bbox 82 3719 279 3747; baseline 0 0"><span class='ocrx_word' id='word_1_289' title='bbox 82 3719 279 3747; x_wconf 39' lang='lat'>*¹⁸¹*—</span> 
     </span>
    </p>
   </div>
   <div class='ocr_carea' id='block_1_8' title="bbox 78 3763 1092 3982">
    <p class='ocr_par' dir='ltr' id='par_1_17' title="bbox 78 3763 1092 3856">
     <span class='ocr_line' id='line_1_41' title="bbox 78 3763 1092 3856; baseline -0.037 -10"><span class='ocrx_word' id='word_1_290' title='bbox 78 3807 98 3850; x_wconf 71' lang='lat' dir='ltr'>ln</span> <span class='ocrx_word' id='word_1_291' title='bbox 107 3763 193 3856; x_wconf 56' lang='lat'><strong>1⁸⁸¹*</strong></span> <span class='ocrx_word' id='word_1_292' title='bbox 202 3769 258 3816; x_wconf 71' lang='lat' dir='ltr'>vu·</span> <span class='ocrx_word' id='word_1_293' title='bbox 285 3775 306 3823; x_wconf 68' lang='lat' dir='ltr'>¹i</span> <span class='ocrx_word' id='word_1_294' title='bbox 317 3773 347 3818; x_wconf 60' lang='lat' dir='ltr'>if·</span> <span class='ocrx_word' id='word_1_295' title='bbox 359 3786 430 3830; x_wconf 67' lang='lat'>¹⁰9¹·</span> <span class='ocrx_word' id='word_1_296' title='bbox 440 3773 505 3820; x_wconf 69' lang='lat'><strong>⁸⁸¹¹·</strong></span> <span class='ocrx_word' id='word_1_297' title='bbox 514 3773 556 3819; x_wconf 81' lang='lat' dir='ltr'>Vl·</span> <span class='ocrx_word' id='word_1_298' title='bbox 567 3775 596 3819; x_wconf 86' lang='lat' dir='ltr'>de</span> <span class='ocrx_word' id='word_1_299' title='bbox 606 3773 681 3838; x_wconf 72' lang='lat' dir='ltr'>instit.</span> <span class='ocrx_word' id='word_1_300' title='bbox 693 3787 713 3818; x_wconf 87' lang='lat' dir='ltr'>e.</span> <span class='ocrx_word' id='word_1_301' title='bbox 723 3775 744 3818; x_wconf 86' lang='lat' dir='ltr'>l.</span> <span class='ocrx_word' id='word_1_302' title='bbox 755 3776 780 3816; x_wconf 83' lang='lat' dir='ltr'>et</span> <span class='ocrx_word' id='word_1_303' title='bbox 789 3785 839 3816; x_wconf 76' lang='lat' dir='ltr'>eeu.</span> <span class='ocrx_word' id='word_1_304' title='bbox 849 3772 869 3815; x_wconf 76' lang='lat' dir='ltr'>i.</span> <span class='ocrx_word' id='word_1_305' title='bbox 879 3794 905 3805; x_wconf 90' lang='lat'><em>-</em></span> <span class='ocrx_word' id='word_1_306' title='bbox 918 3772 940 3823; x_wconf 76' lang='lat' dir='ltr'>t)</span> <span class='ocrx_word' id='word_1_307' title='bbox 950 3779 1016 3812; x_wconf 80' lang='lat' dir='ltr'>eone.</span> <span class='ocrx_word' id='word_1_308' title='bbox 1025 3763 1092 3828; x_wconf 75' lang='lat' dir='ltr'>lllqr.</span> 
     </span>
    </p>

    <p class='ocr_par' dir='ltr' id='par_1_18' title="bbox 121 3819 1091 3878">
     <span class='ocr_line' id='line_1_42' title="bbox 121 3819 1091 3878; baseline -0.016 -4"><span class='ocrx_word' id='word_1_309' title='bbox 121 3828 163 3860; x_wconf 66' lang='lat'>“¹-</span> <span class='ocrx_word' id='word_1_310' title='bbox 173 3821 259 3876; x_wconf 71' lang='lat' dir='ltr'>Essssen.</span> <span class='ocrx_word' id='word_1_311' title='bbox 269 3826 311 3869; x_wconf 83' lang='lat' dir='ltr'>tv.</span> <span class='ocrx_word' id='word_1_312' title='bbox 322 3826 352 3870; x_wconf 78' lang='lat' dir='ltr'>ad</span> <span class='ocrx_word' id='word_1_313' title='bbox 361 3827 481 3870; x_wconf 77' lang='lat' dir='ltr'>Armenes.</span> <span class='ocrx_word' id='word_1_314' title='bbox 500 3849 526 3859; x_wconf 90' lang='lat'><em>-</em></span> <span class='ocrx_word' id='word_1_315' title='bbox 560 3831 582 3878; x_wconf 75' lang='lat' dir='ltr'>d)</span> <span class='ocrx_word' id='word_1_316' title='bbox 601 3827 631 3868; x_wconf 85' lang='lat' dir='ltr'>ei.</span> <span class='ocrx_word' id='word_1_317' title='bbox 646 3825 703 3869; x_wconf 82' lang='lat' dir='ltr'>uuir.</span> <span class='ocrx_word' id='word_1_318' title='bbox 718 3825 782 3868; x_wconf 79' lang='lat' dir='ltr'>Seu.</span> <span class='ocrx_word' id='word_1_319' title='bbox 797 3821 894 3867; x_wconf 80' lang='lat' dir='ltr'>xxm.</span> <span class='ocrx_word' id='word_1_320' title='bbox 909 3833 959 3864; x_wconf 77' lang='lat' dir='ltr'>een.</span> <span class='ocrx_word' id='word_1_321' title='bbox 974 3822 994 3860; x_wconf 80' lang='lat' dir='ltr'>t.</span> <span class='ocrx_word' id='word_1_322' title='bbox 1009 3830 1040 3860; x_wconf 87' lang='lat' dir='ltr'>ex</span> <span class='ocrx_word' id='word_1_323' title='bbox 1050 3819 1091 3858; x_wconf 82' lang='lat' dir='ltr'>ert.</span> 
     </span>
    </p>

    <p class='ocr_par' dir='ltr' id='par_1_19' title="bbox 80 3871 1091 3982">
     <span class='ocr_line' id='line_1_43' title="bbox 80 3871 1091 3982; baseline -0.035 -40"><span class='ocrx_word' id='word_1_324' title='bbox 80 3875 132 3956; x_wconf 50' lang='lat' dir='ltr'>{ciffi</span> <span class='ocrx_word' id='word_1_325' title='bbox 141 3871 168 3962; x_wconf 52' lang='lat' dir='ltr'>{ff</span> <span class='ocrx_word' id='word_1_326' title='bbox 175 3871 333 3982; x_wconf 38' lang='lat' dir='ltr'>&amp;minxi</span> <span class='ocrx_word' id='word_1_327' title='bbox 344 3877 375 3920; x_wconf 59' lang='lat' dir='ltr'>ef·</span> <span class='ocrx_word' id='word_1_328' title='bbox 386 3877 450 3922; x_wconf 81' lang='lat' dir='ltr'>Seu.</span> <span class='ocrx_word' id='word_1_329' title='bbox 461 3875 527 3921; x_wconf 82' lang='lat' dir='ltr'><strong>XIV.</strong></span> <span class='ocrx_word' id='word_1_330' title='bbox 537 3879 565 3921; x_wconf 86' lang='lat' dir='ltr'>de</span> <span class='ocrx_word' id='word_1_331' title='bbox 576 3891 645 3934; x_wconf 86' lang='lat' dir='ltr'>poen.</span> <span class='ocrx_word' id='word_1_332' title='bbox 656 3891 676 3920; x_wconf 83' lang='lat' dir='ltr'>e.</span> <span class='ocrx_word' id='word_1_333' title='bbox 685 3878 705 3920; x_wconf 79' lang='lat' dir='ltr'>t.</span> <span class='ocrx_word' id='word_1_334' title='bbox 717 3877 744 3920; x_wconf 84' lang='lat' dir='ltr'>de</span> <span class='ocrx_word' id='word_1_335' title='bbox 755 3889 814 3919; x_wconf 81' lang='lat' dir='ltr'>ruer.</span> <span class='ocrx_word' id='word_1_336' title='bbox 823 3879 888 3917; x_wconf 86' lang='lat' dir='ltr'>unet.</span> <span class='ocrx_word' id='word_1_337' title='bbox 899 3885 919 3916; x_wconf 87' lang='lat' dir='ltr'>e.</span> <span class='ocrx_word' id='word_1_338' title='bbox 929 3874 949 3914; x_wconf 76' lang='lat' dir='ltr'>t.</span> <span class='ocrx_word' id='word_1_339' title='bbox 960 3893 984 3902; x_wconf 95' lang='lat'>—</span> <span class='ocrx_word' id='word_1_340' title='bbox 994 3873 1014 3922; x_wconf 79' lang='lat' dir='ltr'>t)</span> <span class='ocrx_word' id='word_1_341' title='bbox 1026 3878 1091 3910; x_wconf 83' lang='lat' dir='ltr'>eone.</span> 
     </span>
     <span class='ocr_line' id='line_1_44' title="bbox 130 3944 334 3971; baseline -0.039 8"><span class='ocrx_word' id='word_1_342' title='bbox 130 3948 134 3959; x_wconf 65' lang='grc' dir='ltr'>Ι</span> <span class='ocrx_word' id='word_1_343' title='bbox 231 3957 237 3968; x_wconf 77' lang='grc'><strong><em>’</em></strong></span> <span class='ocrx_word' id='word_1_344' title='bbox 313 3944 334 3971; x_wconf 76' lang='lat' dir='ltr'>ne</span> 
     </span>
    </p>
   </div>
   <div class='ocr_carea' id='block_1_9' title="bbox 0 0 1330 4330">
    <p class='ocr_par' dir='ltr' id='par_1_20' title="bbox 0 0 1330 4330">
     <span class='ocr_line' id='line_1_45' title="bbox 0 0 1330 4330; baseline 0 4"><span class='ocrx_word' id='word_1_345' title='bbox 0 0 1330 4330; x_wconf 95' lang='lat' dir='ltr'> </span> 
     </span>
    </p>
   </div>
  </div>
 </body>
</html>
