2654 4330
229 243 319 302 aee
382 205 1076 354 'susstoxmva-bnnuruamar‘.

228 380 393 440 butionibus
430 377 620 458 quotidianis,
649 390 681 438 ut
707 377 871 438 sustinendo
903 375 1018 440 decenti
1045 381 1255 442 canonicorum

230 463 331 542 gradui
349 484 402 543 pro
421 465 479 523 loci
497 475 528 525 et
543 483 728 542 personarum
752 463 887 542 qualitate
909 482 966 521 uon
984 461 1138 535 sufficiant,
1162 465 1255 526 liceat

230 551 373 628 episcopis
396 569 459 610 cum
478 567 617 608 consensu
636 548 790 627 capituli1)
814 549 860 608 vel
878 547 986 626 aliquot
1003 549 1143 626 simplicia
1161 551 1253 612 beas·

230 635 310 706 licia,
329 645 498 696 nontamen
516 634 674 711 regularia,
693 635 728 693 iis
746 634 837 704 unire,
855 633 916 705 vel,
935 634 959 691 si
977 633 1031 692 bae
1049 635 1163 694 ratione
1180 655 1252 714 pro·

228 718 321 780 videri
340 739 396 779 nou
413 720 513 798 possit,
532 719 670 797 aliquibus
689 737 726 778 ex
742 719 778 778 iis
796 719 963 797 suppressis,
983 736 1046 779 cnm
1063 729 1252 798 patronorum

229 823 380 875 consensu,
399 806 424 863 si
442 802 478 864 de
496 804 558 862 iure
576 813 742 881 patronatus
760 803 898 863 laieorum
916 805 986 874 siut,
1006 823 1121 882 quarum
1139 805 1252 866 fructus

177 906 217 947 att
230 900 260 949 et
281 899 435 968 proventus
462 889 633 966 reliquarum
655 886 883 968 praebendarum
910 886 1156 949 distributionibus
1179 909 1252 970 quo-

229 973 345 1032 tidianis
371 973 563 1052 applicentur,
591 992 640 1032 eas
666 971 703 1031 ad
728 972 893 1053 pauciorem
920 990 1064 1032 numerum
1091 973 1251 1048 reducere,

230 1061 270 1117 ita
287 1070 395 1128 tannen,
418 1067 449 1115 nt
466 1067 511 1115 tot
527 1058 683 1136 supersint,
708 1076 780 1136 quae
798 1055 893 1117 divino
913 1058 1001 1116 cultui
1019 1059 1197 1120 celebrando
1216 1080 1252 1120 aa

230 1142 362 1220 dignitati
385 1141 527 1202 ecclesiae
551 1141 699 1204 commode
722 1143 837 1202 valeant
858 1140 1087 1222 respondere²);
1117 1165 1175 1205 non
1199 1145 1252 1205 ob-

229 1227 369 1286 stantibus
392 1225 602 1306 quibuscunque
622 1227 869 1286 constitutionibus
888 1238 918 1285 et
934 1228 1102 1307 privilegiis,
1122 1240 1252 1310 autqua-

231 1305 340 1395 c'unque
351 1311 547 1372 reservatione
565 1313 696 1390 generali
712 1313 758 1372 vel
776 1312 896 1390 speciali
914 1322 962 1370 aut
979 1313 1144 1374 affectione.
1189 1315 1252 1376 Ne-

229 1415 282 1475 que
305 1394 473 1476 praedictae
500 1397 620 1456 uniones
642 1406 690 1454 aut
713 1399 928 1475 suppressiones
955 1398 1016 1457 tolli
1043 1417 1094 1457 seu
1116 1399 1251 1480 impediri

141 1485 148 1492 '
227 1483 338 1560 possint
364 1499 410 1553 cx¹
425 1479 636 1560 quibuscunque
662 1481 887 1560 provisionibus,
915 1483 1000 1542 etiam
1027 1485 1128 1562 vigore
1156 1487 1250 1564 resig-

227 1567 364 1638 nationis,
383 1576 433 1624 aut
443 1565 591 1648 quibusvis
609 1565 673 1626 aliis
691 1562 926 1643 derogationibus
942 1569 988 1627 vel
1007 1570 1249 1647 suspensionibus.

161 1731 166 1741 ι
259 1715 261 1718 ·
322 1705 350 1750 c.
367 1704 434 1751 xvt.
474 1679 544 1760 Quid
559 1704 672 1750 muneris
688 1703 822 1750 insumat
837 1697 949 1764 capitulo
968 1707 1026 1754 sede
1040 1711 1160 1752 vacante.

204 1818 209 1828 ι
313 1786 474 1866 Capitulum
492 1786 561 1850 sede
579 1797 712 1858 vacante,
731 1786 779 1845 ubi
798 1788 938 1846 fructuum
955 1787 1207 1866 percipiendorum
1223 1795 1249 1850 ei

227 1891 326 1932 munus
343 1873 493 1944 incumbit,
522 1891 709 1948 oeconomum
728 1891 811 1930 unum
829 1872 875 1931 vel
898 1873 994 1951 plures
1012 1872 1113 1932 fideles
1131 1893 1167 1934 ac
1187 1872 1250 1934 dili-

227 1967 329 2036 gentes
356 1956 507 2030 deeernat,
540 1959 587 2037 qui
610 1975 704 2017 rerum
728 1957 989 2016 ecclesiasticarum
1011 1968 1041 2016 et
1061 1970 1248 2037 proventuum

228 2063 325 2102 euram
343 2055 459 2121 gerant,
479 2062 597 2122 quorum
615 2043 757 2104 rationem
775 2044 817 2113 ei,
846 2040 882 2101 ad
906 2061 987 2121 quem
1004 2043 1176 2122 pertinebit,
1195 2049 1248 2104 sint

227 2125 377 2188 reddituri.
422 2127 494 2188 Item
517 2127 666 2188 officialem
688 2146 740 2188 seu
761 2128 899 2188 vicarium
921 2129 995 2186 inira
1018 2139 1085 2188 octo
1104 2127 1168 2188 dies
1185 2143 1247 2210 post

228 2221 347 2272 mortem
369 2212 499 2292 episcopi
518 2212 709 2284 constituere,
729 2214 776 2272 vel
795 2213 978 2272 exsistentem
998 2213 1170 2274 confirmare
1190 2237 1245 2275 om-

228 2298 294 2356 nino
313 2308 459 2371 teneatur,
483 2299 531 2376 qui
552 2298 652 2358 saltem
675 2300 705 2357 iu
727 2299 789 2358 iure
809 2299 948 2357 canonico
970 2299 1008 2358 sit
1029 2298 1134 2359 docter
1150 2303 1199 2360 vel
1216 2303 1246 2360 li-

226 2383 377 2454 centiatus‚
395 2384 442 2442 vel
461 2384 541 2454 alias,
561 2393 693 2462 quantum
712 2383 775 2442 lieri
793 2383 916 2463 poterit,
935 2381 1068 2444 idoneus.
1115 2381 1148 2443 st
1166 2405 1247 2446 secus

224 2469 331 2526 lactum
350 2467 450 2538 luerit,
475 2465 511 2525 ad
529 2469 778 2547 metroptilitanum
801 2467 948 2547 deputatio
971 2466 1131 2528 huiusmodi
1150 2470 1247 2530 devol-

223 2549 356 2630 vaturt).
401 2551 480 2609 Etsi
499 2551 623 2611 ecclesia
642 2554 703 2631 ipsa
722 2554 942 2632 metropolitana
950 2554 1096 2613 lueritaut
1104 2568 1246 2636 exempta,

227 2636 451 2714 capitulumque,
479 2646 512 2694 ut
527 2637 706 2715 praefertur,
725 2639 875 2716 negligens
891 2639 992 2711 luerit,
1016 2649 1082 2699 tune
1105 2643 1249 2720 antiquior

226 2722 378 2801 episcopus
405 2741 443 2780 ex
468 2721 656 2801 suffraganeis
682 2724 711 2781 in
738 2724 972 2803 metropolitana,
1006 2735 1036 2784 et
1061 2727 1248 2806 propinquior

226 2807 426 2888 episcopusin
445 2818 578 2887 exempta
596 2826 783 2867 oeconomum
810 2819 841 2867 et
861 2809 999 2868 vicarium
1018 2807 1140 2869 idoneos
1158 2815 1248 2890 possit

226 2895 412 2954 constituere.
456 2889 615 2974 Episcopus
632 2911 702 2952 vero
721 2891 758 2952 ad
776 2892 896 2954 eandem
923 2895 1075 2953 ecclesiam
1097 2907 1246 2957 vacantem

225 2989 372 3058 promotus
390 2997 429 3039 ex
446 2979 491 3050 iis,
511 2997 582 3058 quae
601 2977 638 3038 ad
656 2997 720 3037 eum
738 2988 878 3056 spectant,
902 2979 938 3038 ab
957 2979 1064 3039 eisdem
1076 2997 1246 3051 oeconomo,

224 3065 334 3124 vicario
358 3074 390 3124 et
406 3065 471 3124 aliis
489 3064 700 3144 quibuscunque
720 3062 886 3122 officialibus
909 3074 938 3122 et
960 3061 1246 3137 administratoribus,

150 3163 212 3214 ,nst
226 3151 273 3229 qui
289 3149 360 3210 ¹sude
377 3159 499 3210 vacante
517 3151 633 3210 luerunt
650 3167 666 3208 a
684 3149 809 3227 capitulo
826 3149 873 3208 vel
891 3148 926 3207 ab
945 3149 1008 3208 aliis
1025 3151 1054 3208 iu
1073 3150 1134 3209 eius
1155 3153 1246 3210 locum

226 3237 382 3307 constituti,
401 3236 486 3295 etiam
505 3235 529 3292 si
547 3235 653 3294 luerint
671 3254 708 3294 ex
725 3232 827 3292 eodem
846 3233 979 3312 capitulo,
999 3235 1139 3294 rationem
1151 3238 1246 3314 exigat

226 3319 396 3392 officiorum,
432 3317 650 3390 iurisdictionis,
687 3319 939 3378 administrationis
974 3331 1023 3379 aut
1053 3321 1244 3399 cuiuscunque

225 3425 324 3465 eorum
346 3406 485 3478 muneris3
511 3405 659 3484 ¹possitque
686 3424 737 3464 eos
761 3404 876 3484 punire,
908 3405 1006 3483 quiin
1030 3423 1128 3466 eorum
1153 3405 1244 3466 officio

225 3507 277 3549 seu
299 3488 542 3550 administratione
565 3489 751 3569 deliquerint,
783 3490 868 3548 etiam
894 3490 919 3548 si
940 3488 1082 3569 praedicti
1109 3489 1243 3550 officiales

226 3571 345 3632 redditis
363 3575 522 3635 rationibus
541 3595 558 3633 a
576 3576 702 3655 capitulo
719 3575 765 3634 vel
783 3594 800 3633 a
827 3572 968 3653 deputatis
987 3575 1022 3634 ab
1040 3573 1143 3634 eodem
1163 3575 1244 3634 abso-

226 3658 361 3721 lutionem
383 3669 432 3718 aut
453 3660 651 3720 liberationem
674 3661 857 3722 obtinuerint.
918 3658 1019 3720 Eidem
1047 3679 1159 3738 qnoque
1187 3662 1244 3739 epi·

279 3836 452 3882 ScauXXW
481 3841 501 3892 l)
516 3839 546 3883 cf.
555 3831 623 3896 ,Ss'sp
632 3840 661 3884 V.
673 3841 701 3884 de
714 3839 758 3884 rel.
769 3855 789 3884 s.
805 3845 858 3887 1.-
883 3843 907 3898 2)
921 3809 951 3884 cl.
967 3855 985 3884 c.
997 3844 1017 3884 2.
1027 3839 1058 3884 X.
1070 3842 1097 3886 de
1111 3841 1187 3884 instit.
1198 3842 1239 3884 lll.

226 3885 247 3929 ἵ.
258 3885 324 3942 (eug.
335 3887 390 3944 ΙΙΙ.)
403 3912 430 3923 -
454 3891 477 3943 3)
492 3890 521 3932 cl.
533 3905 553 3934 c.
562 3891 605 3935 ult.
616 3893 644 3934 tle
655 3891 733 3947 snppl.
744 3891 804 3945 usgl.
816 3891 889 3948 prael.
900 3895 924 3936 in
933 3893 992 3936 Vlto
1006 3891 1025 3934 1.
1036 3895 1056 3935 8.
1067 3891 1154 3948 (Bonil.
1166 3891 1242 3948 vlu.)
