2652 4330
193 257 426 314 suessuvn.
443 261 659 318 rutenus
679 264 849 321 TRANSF.
868 263 989 320 CONC·
1042 265 1093 324 61

80 415 137 463 tunc
155 403 295 481 expressis
317 403 410 460 causis
432 418 520 481 usque
543 400 580 462 ad
599 399 675 462 aliud
698 399 884 484 opportunius
911 416 941 466 et
967 424 1102 466 commo·=

80 489 133 546 dius
148 499 257 566 tempus
275 506 328 566 per
345 505 398 545 nes
416 485 618 548 declarandum
638 487 674 548 de
693 491 776 548 simili
792 492 913 550 consilio
927 502 958 551 et
975 509 1094 552 assensu

79 575 180 644 factam,
199 571 296 631 audita
314 591 386 651 pace
410 572 487 631 inter
509 575 672 633 carissimos
695 576 723 633 in
742 575 857 634 Christo
876 575 951 636 filios
968 588 1093 650 nostros,

80 660 199 718 Carolnm
218 655 300 716 Rom.
320 660 522 737 imperatorem
541 676 655 738 semper
672 670 834 738 augustum,
858 671 888 722 et
910 661 1094 722 Franciscum

79 744 238 803 Francorum
266 761 364 820 regem
388 742 656 802 Christianissimum
684 745 851 818 conciliata,
878 747 942 826 pari
972 749 1093 808 consilio

79 841 103 888 et
118 847 229 888 assensu
248 829 450 888 sustuleramus
468 838 498 887 et
516 848 725 889 amoveremus:
749 841 925 909 nequeuntes
942 833 1007 911 ipsi,
1027 843 1094 891 tnnc

79 916 192 992 legitime
211 912 355 992 impediti,
379 911 416 970 ad
435 911 540 970 dictam
557 914 703 972 civitatem
726 917 919 993 personaliter
940 917 1130 989 accederent

79 1011 103 1058 ct
122 999 209 1059 eidem
233 998 359 1057 concilio
377 998 533 1067 interesse,
559 1016 612 1056 vos
630 1008 745 1057 nostros
764 1009 794 1058 et
815 1001 994 1079 apostolicae
1017 1001 1095 1062 sedis

78 1087 176 1162 legatos
195 1083 230 1142 de
250 1084 342 1141 latere
361 1082 389 1139 in
408 1080 511 1140 eodem
530 1082 655 1141 concilio
674 1081 711 1142 de
734 1085 819 1143 simili
843 1087 963 1145 consilio
987 1089 1095 1147 consti·

77 1173 200 1230 tuerimus
218 1179 249 1227 et
266 1166 511 1246 deputaverimus,
528 1186 636 1246 vosque
659 1167 696 1226 ad
719 1167 839 1228 eandem
863 1171 1008 1231 civitatem
1032 1184 1096 1232 tan-

79 1275 149 1334 quam
165 1255 245 1334 pacis
263 1253 384 1330 angelos
407 1250 657 1323 destinaverimus,
685 1264 772 1332 prout
792 1255 822 1313 in
846 1253 966 1315 diversis
989 1260 1095 1317 uostris

78 1339 187 1420 desuper
205 1339 347 1397 conlectis
363 1335 457 1414 ¹literis
474 1337 585 1416 plenius
605 1339 781 1398 continetur:
809 1338 882 1411 Nos,
900 1360 936 1401 ne
955 1351 1011 1401 tam
1031 1362 1096 1402 san-

78 1436 142 1484 ctum
164 1424 369 1485 celebrationis
391 1423 508 1481 concilii
530 1421 690 1482 huiusmodi
709 1443 779 1502 opus
802 1444 840 1484 ex
862 1426 1095 1487 incommoditate

77 1510 134 1582 loci,
152 1511 289 1569 natalias
312 1508 411 1587 quovis
434 1505 519 1565 modo
542 1507 714 1586 impediatur
735 1519 784 1568 aut
805 1509 868 1589 plus
891 1509 988 1571 debito
1013 1512 1096 1572 dille-

77 1607 158 1666 ratur,
186 1604 347 1675 opportune
369 1592 523 1670 providere
546 1593 691 1665 volentes,
718 1605 797 1654 motu
818 1597 937 1675 proprio
962 1607 992 1656 et
1015 1609 1097 1658 certa

78 1682 194 1752 scientia,
213 1700 248 1740 ac
267 1677 305 1738 de
324 1679 501 1758 apostolicae
519 1679 669 1757 potestatis
683 1678 869 1758 plenitudine,
888 1684 1007 1762 parique
1026 1703 1097 1742 con-

78 1765 131 1824 silio
141 1776 168 1824 et
177 1784 296 1825 assensu
305 1765 386 1823 vobis
395 1763 517 1834 insimul,
537 1773 586 1820 aut
600 1762 710 1823 duobus
728 1784 765 1823 ex
781 1765 873 1838 vobis,
892 1768 1004 1848 reliquo
1023 1769 1097 1848 legi-

78 1852 135 1908 timo
156 1850 361 1931 impedimento
381 1846 513 1919 detento,
542 1867 593 1906 seu
615 1847 682 1907 inde
702 1850 781 1920 ¹forte
805 1850 938 1924 absente,
968 1852 1096 1932 mando-

79 1955 174 2014 cunque
191 1936 275 1996 vobis
292 1933 449 2005 videbitur,
470 1933 622 1992 concilium
644 1932 823 2012 praedictum
842 1933 878 1994 de
901 1936 1002 1996 eadem
1027 1940 1097 1996 civi-

78 2029 127 2078 tate
142 2021 309 2082 Tridcntina
327 2018 364 2078 ad
383 2037 577 2098 quamcunque
596 2019 681 2076 aliam
700 2018 923 2079 commodiorem
942 2032 972 2082 et
991 2042 1098 2101 oppor-

78 2108 203 2167 tuniorem
222 2123 274 2166 seu
293 2104 426 2164 tutiorem
446 2105 600 2174 civitatem,
620 2102 657 2162 de
676 2123 730 2182 qua
744 2104 825 2164 vobis
840 2107 925 2165 etiam
942 2106 1096 2182 videbitur,

78 2192 256 2267 transferendi
279 2201 311 2251 'et
333 2188 473 2261 mumndi,
502 2209 536 2249 ae
560 2187 630 2248 illud
653 2189 766 2272 inipso
790 2192 905 2253 civitate
928 2192 1098 2254 Tridentino

79 2277 255 2356 supprimendi
276 2287 307 2336 et
324 2271 508 2346 dissolvendi,
528 2293 583 2334 nec
602 2294 659 2332 non
676 2277 815 2354 praelatis
835 2288 865 2336 et
883 2277 947 2338 aliis
964 2281 1097 2359 personis
1194 2293 1203 2302 ”
1301 2325 1302 2334 ,

80 2365 180 2422 concilii
197 2361 369 2434 huiusmodi,
388 2381 424 2420 ne
443 2361 471 2418 in
491 2379 526 2419 eo
546 2358 582 2419 ad
600 2360 740 2420 ulteriora
758 2363 787 2420 in
799 2361 883 2422 'dicta
902 2365 1017 2424 civitate
1032 2364 1097 2424 Tri·

80 2443 180 2507 dentina
196 2441 367 2529 procedant,
387 2447 473 2507 etiam
492 2445 543 2504 sub
563 2447 690 2504 censuris
710 2457 740 2505 et
760 2450 862 2527 poenis
885 2449 1096 2522 ecclesiasticis

79 2532 223 2607 inhibendi,
251 2554 288 2594 ac
312 2531 387 2592 idem
411 2531 563 2590 concilium
587 2531 615 2589 in
639 2531 695 2590 alia
719 2533 834 2592 civitate
857 2534 1031 2608 huiusmodi,
1059 2535 1097 2595 ad

80 2636 149 2696 quam
169 2619 239 2680 illud
265 2619 417 2677 transferri
444 2627 474 2676 et
500 2617 603 2674 mutari
630 2618 800 2696 contigerit,
829 2621 1028 2692 continuandi,
1052 2631 1096 2681 te.

80 2703 153 2762 uendi
174 2717 204 2765 et
226 2701 408 2774 celebrandi,
436 2712 466 2761 et
488 2698 524 2760 ad
546 2699 617 2760 illud
639 2705 785 2781 praelatos
809 2715 839 2763 et
861 2705 932 2764 alias
953 2726 1095 2786 personas

82 2791 183 2849 concilii
200 2789 362 2850 Tridentini
379 2784 549 2859 huiusmodi,
569 2787 655 2846 etiam
673 2788 724 2847 sub
741 2791 860 2868 periurii
884 2802 914 2850 et
932 2791 996 2851 aliis
1014 2793 1043 2850 iu
1061 2794 1097 2852 li·

80 2875 138 2932 teris
154 2874 319 2936 indictionis
338 2874 454 2934 concilii
472 2871 632 2932 huiusmodi
651 2877 795 2953 expressis
812 2876 924 2954 poenis,
943 2877 1095 2950 evocandi,

81 2957 213 3040 eidemque
233 2963 276 3020 sie
295 2959 434 3018 translato
456 2969 487 3018 et
504 2968 611 3017 mutato
635 2959 760 3017 concilio
779 2962 893 3019 nomine
917 2972 947 3020 et
969 2964 1097 3022 auctori·

80 3050 129 3102 tate
161 3045 318 3125 praedictis
357 3041 560 3125 praesidendi,
601 3063 636 3103 ac
676 3044 705 3100 in
729 3063 764 3102 eo
801 3043 979 3122 procedendi
1016 3059 1097 3107 cete·

80 3145 155 3206 raque
173 3133 201 3189 in
219 3131 396 3212 praemissis,
416 3140 446 3190 et
465 3129 543 3189 circa
562 3146 597 3187 ea
615 3130 780 3188 neccssaria
799 3140 828 3188 et
847 3131 1007 3209 opportuna
1025 3135 1097 3194 alias

81 3212 148 3272 iuxta
163 3216 380 3294 priorumvohis
398 3213 571 3274 directarum
583 3213 729 3273 literarum
749 3217 953 3276 continentiam
973 3227 1096 3278 etteno-

81 3314 131 3357 rem
147 3301 284 3375 faciendi,
312 3297 469 3372 statuendi,
498 3297 648 3359 ordinandi
667 3309 696 3359 et
718 3300 908 3381 exsequendi,
934 3303 1047 3382 plenam
1066 3314 1097 3362 et

82 3380 186 3446 liberam
204 3388 364 3468 apostolica
382 3387 554 3446 auctoritate
577 3395 678 3445 tenore
700 3388 893 3466 praesentium
912 3385 1095 3447 concedimus

81 3479 239 3543 potestatem
257 3484 287 3533 et
304 3473 483 3547 facultatem
511 3483 602 3530 ratum
625 3482 656 3531 et
679 3484 791 3551 gratnm
813 3472 937 3532 babituri
961 3472 1096 3552 quicquid

82 3570 126 3629 per
140 3576 189 3616 vos
203 3560 232 3618 iu
245 3559 408 3639 praemissis
420 3559 536 3630 factum,
555 3567 699 3631 statutum,
719 3557 878 3618 ordinatum
892 3569 1094 3620 exsecutumve

83 3635 170 3714 luerit,
196 3642 280 3723 idque
299 3645 404 3705 facturi
427 3653 545 3702 auctore
564 3643 686 3703 Domino
709 3644 913 3705 inviolabiliter
932 3643 1094 3718 observari,

85 3728 321 3790 nonobstantibus
344 3729 593 3789 constitutionibus
616 3740 646 3788 et
668 3729 895 3790 ordinationibus
917 3731 1094 3809 apostolicis,

86 3812 232 3890 ceterisque
251 3817 402 3874 contrariis
421 3813 642 3894 quibuscunque.
682 3813 762 3874 Nulli
780 3834 850 3894 ergo
871 3815 984 3874 omnino
1003 3815 1094 3874 homi-

87 3906 141 3950 nnm
157 3895 242 3958 liceat
259 3899 331 3960 banc
349 3900 482 3979 paginam
500 3909 615 3958 nostrae
639 3901 833 3968 concessionis
845 3899 1026 3975 infringere,
1046 3899 1128 3958 velo

881 3983 921 4045 4*
