2652 4330
311 221 476 278 sussro
503 221 537 276 v.
573 221 633 275 ns
660 223 865 278 acroam.
966 193 968 200 ⁴
1043 225 1103 282 ἰι

229 402 473 448 ΒΕὒΗΕΉΙΜ
505 401 557 446 DE
582 401 943 448 REFORMA'HONE·
1110 403 1137 446 η

458 529 657 576 cuum
696 529 723 574 1.

113 641 155 688 De
174 639 345 688 instituenda
358 638 467 684 lectione
481 649 575 683 sacrm
589 639 738 697 scriptume
751 643 780 682 ct
792 637 937 685 liberalium
951 642 1057 687 artium.

151 739 270 800 Eadem
294 748 479 799 sacrosancta
502 736 644 817 synodus,
671 739 725 816 piis
744 740 914 797 summorum
934 738 1104 798 Pontificum

39 871 44 884 .
70 839 97 886 et
113 827 308 908 probatorum
327 824 517 884 conciliorum
532 825 560 894 ¹)
580 823 833 882 constitutionibus
852 824 1020 895 inhaerens,
1040 843 1105 883 eas·

70 931 120 990 que
139 913 339 992 amplectens,
368 919 399 968 et
420 909 477 967 illis
495 907 649 979 adiiciens,
679 927 714 967 ne
735 909 870 968 coelestis
889 910 937 968 ille
957 928 1104 968 sacrorum

71 997 206 1058 librorum
227 997 395 1066 thesaurus,
424 1013 505 1073 mem
525 991 648 1072 Spiritus
671 1003 786 1052 sanctus
805 1013 911 1054 summa
930 994 1103 1055 liberalitate

70 1082 233 1142 hominihus
254 1079 383 1152 tradidit,
403 1079 554 1156 neglectus
572 1080 682 1138 iaceat:
702 1081 801 1137 statuit
819 1089 850 1138 et
867 1078 1007 1150 decrevit,
1028 1078 1104 1160 quod

71 1168 172 1227 inillis
192 1167 346 1237 ecclesiis,
370 1165 399 1222 in
418 1164 518 1243 quibus
535 1163 715 1242 praebenda,
734 1174 785 1222 ant
802 1165 1034 1244 praestimonium
1053 1183 1104 1223 seu

71 1251 144 1312 aliud
173 1255 280 1333 quovis
307 1249 422 1309 nomine
449 1257 640 1328 nuncupatum
667 1249 838 1328 stipendium
865 1270 919 1329 pro
947 1251 1106 1310 lectoribus

72 1357 170 1398 sacrae
201 1336 374 1414 theologiae
403 1333 567 1413 deputatum
591 1335 748 1414 reperitur,
781 1338 924 1415 episcopi,
961 1336 1106 1415 archiepi-

72 1425 160 1502 scopi,
179 1425 322 1502 primates
337 1421 430 1481 etalii
449 1421 577 1479 locorum
596 1419 735 1479 ordinarii
754 1439 816 1492 eos,
836 1423 883 1499 qui
900 1420 1105 1501 praebendam,
1149 1439 1152 1447 ¹

71 1518 116 1564 aut
147 1509 386 1588 praestimonium
414 1524 465 1564 seu
491 1503 661 1584 stipendium
694 1505 853 1565 huiusmodi
887 1507 1031 1578 obtinent,
1067 1506 1104 1567 ad

72 1592 156 1670 ipsius
176 1613 282 1654 sacrae
301 1593 461 1671 scripturae
480 1591 688 1670 expositionem
712 1601 743 1650 et
764 1593 1028 1671 interpretationem
1051 1612 1105 1672 per

72 1695 100 1734 se
118 1679 209 1757 ipsos,
230 1681 255 1738 si
274 1677 372 1737 idonei
389 1677 510 1748 fuerint,
538 1677 665 1754 alioquin
688 1696 743 1755 per
765 1676 898 1736 idoneum
922 1679 1103 1737 substitutum

73 1762 105 1820 ab
123 1763 194 1842 ipsis
214 1765 375 1844 episcopis,
398 1762 637 1842 archiepiscopis,
656 1762 824 1841 primatibus
843 1773 873 1822 et
890 1764 954 1823 aliis
973 1764 1103 1824 locorum

74 1845 227 1909 ordinariis
250 1847 427 1928 eligendum,
455 1848 541 1906 etiam
565 1865 618 1925 per
640 1848 864 1907 subtractionem
887 1848 1028 1907 fructuum
1052 1869 1104 1908 co·

74 1943 139 2008 gant
162 1945 195 1993 et
219 1935 400 2013 compellant.
446 1931 489 1990 De
514 1942 615 1991 cetero
637 1951 707 1991 vero
726 1931 905 2011 praebenda,
933 1935 1104 2012 praestimo-

74 2018 147 2076 nium
171 2029 224 2077 aut
246 2017 414 2098 stipendium
437 2016 599 2076 huiusmodi
622 2037 679 2076 non
697 2018 751 2077 nisi
769 2019 902 2103 personis
921 2017 1046 2090 idoneis,
1074 2029 1105 2079 et

75 2122 142 2180 quae
161 2124 218 2183 per
237 2123 268 2163 se
288 2106 362 2183 ipsas
380 2101 409 2162 id
424 2117 526 2162 'munus
545 2103 692 2182 explicare
710 2105 833 2183 possint,
853 2104 1054 2176 conferantur,
1074 2114 1105 2164 et

78 2187 160 2248 aliter
177 2190 257 2250 facta
275 2190 402 2268 provisio
421 2189 497 2247 nulla
516 2190 553 2246 sit
571 2198 602 2248 et
620 2185 752 2248 invalida.
799 2189 831 2248 In
854 2191 986 2250 ecclesiis
1008 2201 1103 2250 autern

77 2275 304 2353 metropolitanis
326 2275 372 2333 vel
392 2271 618 2346 cathedralibus,
646 2276 671 2333 si
690 2275 790 2334 civitas
809 2275 929 2353 insignis
946 2276 992 2335 vel
1011 2296 1103 2355 popu-

77 2355 146 2430 losa,
174 2380 209 2420 ac
240 2361 326 2420 etiam
353 2361 383 2417 in
411 2360 573 2437 collegiatis
597 2360 801 2420 exsistentibus
824 2361 853 2418 in
876 2361 973 2439 aliquo
998 2362 1104 2439 insigni

79 2443 189 2522 oppido,
210 2448 297 2506 etiam
317 2445 419 2504 nullius
438 2443 591 2516 dioecesis,
611 2447 635 2505 si
655 2445 693 2504 ibi
713 2446 808 2505 clerus
822 2465 991 2505 numerosus
1005 2447 1102 2518 luerit,

78 2527 121 2585 ubi
139 2531 215 2590 nulla
235 2529 414 2612 praebenda,
435 2541 485 2589 aut
502 2531 734 2609 praestimonium
753 2551 804 2591 seu
823 2531 992 2611 stipendium
1007 2532 1103 2591 huius·

79 2612 149 2672 modi
168 2615 334 2697 deputatum
353 2617 511 2695 reperitur,
539 2615 704 2695 praebenda
723 2615 993 2696 quomodocunque,
1018 2636 1104 2697 prae-

81 2705 199 2777 terquam
228 2722 266 2761 ex
294 2722 379 2761 causa
407 2702 625 2780 resignationis,
653 2703 745 2781 primo
771 2713 923 2775 vacatura,
952 2705 998 2762 cui
1026 2700 1138 2763 aliudns

81 2800 144 2842 onus
161 2787 376 2867 incompatibile
393 2788 551 2846 iniunctum
570 2789 690 2859 nonsit,
710 2787 746 2847 ad
765 2807 828 2848 eum
847 2809 926 2848 usum
945 2790 1008 2871 ipso
1023 2791 1102 2850 lacto

81 2882 212 2948 perpetuo
238 2875 393 2933 constituta
416 2883 446 2930 et
468 2871 603 2950 deputata
621 2873 807 2954 intelligatur.
852 2873 890 2934 Et
913 2885 1051 2954 quatenus
1074 2876 1103 2932 in

80 2949 141 3028 ipsis
174 2959 309 3018 ecclesiis
343 2957 419 3017 nulla
445 2955 491 3016 vel
524 2978 580 3016 non
608 2958 750 3017 sufficiens
782 2958 947 3034 praehenda
971 2961 1102 3032 rorem),

81 3044 311 3121 metropolitanus
328 3043 375 3104 vel
395 3042 546 3121 episcopus
568 3043 629 3121 ipse
648 3062 702 3121 per
719 3042 941 3118 assignationem
960 3044 1102 3102 fructuum

83 3121 192 3186 alicuius
211 3131 348 3209 simplicis
367 3125 516 3198 beneficii,
545 3126 671 3186 eiusdem
691 3136 784 3185 tamen
803 3125 909 3186 debitis
927 3129 1102 3207 supportatis
1138 3125 1143 3136 '

34 3235 40 3242 ·
84 3212 222 3288 oneribus,
241 3217 288 3276 vel
306 3234 360 3294 per
377 3212 618 3273 contributionem
637 3211 871 3272 beneficiatorum
891 3231 959 3276 suae
978 3215 1102 3274 civitatis

85 3301 111 3348 et
126 3293 279 3372 dioecesis,
301 3300 348 3360 vel
367 3301 452 3371 alias,
475 3308 561 3378 pront
580 3297 755 3358 commodius
773 3299 837 3360 lieri
854 3299 976 3378 poterit,
996 3298 1032 3357 de
1051 3317 1102 3357 ca-

84 3375 157 3450 pituli
179 3387 300 3446 consilio
323 3387 364 3444 ita
386 3384 550 3465 provideat,
578 3394 610 3443 ut
631 3385 693 3464 ipsa
716 3405 816 3445 sacrae
835 3387 994 3464 scripturae
1013 3384 1101 3444 lectio

85 3457 227 3539 habeatur,
251 3473 292 3530 ita
309 3481 418 3542 tamen,
442 3481 474 3529 ut
491 3490 676 3551 quaecunque
694 3473 769 3531 aliae
788 3472 943 3543 lectiones,
966 3471 1013 3532 vel
1031 3490 1102 3531 con·

80 3551 225 3615 ‚sacratius
242 3557 289 3616 vel
308 3559 405 3636 quavis
422 3557 479 3615 alia
496 3558 608 3617 ratione
627 3557 783 3627 institutae,
803 3566 921 3635 propter
938 3555 968 3616 id
985 3557 1100 3617 minime

86 3643 348 3705 praetermittantur.
397 3639 548 3701 Ecclesiae
574 3659 659 3715 vero,
691 3659 808 3722 quarum
834 3643 920 3712 annui
946 3652 1101 3722 propentus

89 3738 289 3764 Ἢ..-

132 3781 205 3832 Sen.
219 3790 248 3834 V.
267 3793 290 3846 l)
304 3789 334 3832 ci.
350 3803 369 3834 c.
384 3793 416 3834 12.
432 3790 461 3834 Ι).
476 3789 606 3835 xxxvn.
622 3790 766 3846 (concitur.
778 3790 820 3842 lt.)
836 3793 885 3834 cl.
896 3789 928 3833 X.
943 3790 972 3833 alc
982 3783 1102 3842 magistris

87 3825 112 3870 V·
121 3834 139 3876 ⁵·
153 3839 226 3890 (conc.
236 3842 289 3885 Lat.
299 3841 353 3895 lv.)
367 3855 387 3885 c.
398 3847 417 3885 h.
429 3842 459 3885 ib.
475 3843 574 3897 (Honor.
584 3841 642 3895 ΠΙ.)
651 3865 676 3876 -
685 3841 742 3885 inlr.
756 3841 822 3891 San.
830 3839 927 3886 xxnr.
943 3841 972 3884 ds
981 3839 1025 3883 rai.
1036 3853 1057 3882 c.
1067 3841 1100 3880 1⁸.

89 3885 137 3937 ³²)
145 3887 198 3935 inlr.
208 3892 272 3938 Sese.
283 3891 379 3937 XXlll.
390 3894 419 3938 als
428 3893 473 3937 rel.
485 3907 505 3937 c.
515 3897 552 3936 lt„
