2648 4336
384 223 513 322 Midili.
530 221 619 279 SYN·
636 223 800 282 rtsrott
926 242 932 255 '
1038 230 1111 288 eu

80 367 224 511 pneris,
242 364 356 424 cerere·
369 364 483 424 meritis
501 364 655 436 nhiuriosu
675 365 781 426 dudum
799 367 829 428 in
845 376 903 426 art.
921 372 969 432 19.
988 371 1116 432 Letheri

100 460 233 515 amanto.

563 603 630 652 Ibid-

164 704 241 766 XLL
265 704 336 765 ltem
355 705 384 764 in
403 723 453 776 eo,
473 702 548 784 quod
566 704 711 766 subditura
730 704 950 778 „scholasticos
968 710 1025 770 suis
1043 711 1111 770 suh-

77 792 231 853 tilitatihus
249 791 363 851 inllatos
381 791 524 850 invexisse
542 789 705 852 thesaurum
727 793 801 852 male
823 794 1001 854 intellectum
1023 797 1111 856 meri·

62 890 174 938 ¹torum
194 876 300 936 Christi
323 886 353 934 et
375 885 551 948 sauctorum,
575 887 605 937 et
628 877 724 938 clarae
748 878 860 937 notioni
882 878 1069 940 absolutionis
1092 903 1110 942 a

18 985 20 992 ·
77 983 175 1043 poena
198 963 339 1021 canoniea
361 960 538 1021 substituisse
562 963 708 1022 contusum
731 974 761 1022 et
783 964 883 1024 falsam
909 965 1111 1044 applicationis

77 1049 283 1119 meritorum,“
307 1081 345 1092 -
370 1047 450 1126 qussi
468 1047 594 1106 thesauri
617 1049 776 1121 eeclesiae,
800 1049 875 1109 unde
894 1049 972 1130 Papa
994 1050 1043 1110 dat
1066 1053 1111 1110 iu·

78 1134 252 1212 inigenitus,
271 1152 328 1191 non
346 1133 403 1190 sint
420 1133 522 1191 merite
536 1131 642 1193 Christi
661 1144 691 1192 et
709 1145 887 1194 sanctorum:
906 1138 1006 1208 Falsa,
1022 1147 1109 1196 teme-

77 1221 178 1291 rario,
200 1219 314 1278 Christi
329 1227 361 1276 et
374 1226 542 1276 sanctorum
560 1221 674 1278 meritis
691 1221 851 1290 iniuriosa,
875 1219 982 1280 dadum
1000 1225 1030 1280 in
1050 1232 1110 1281 ert.

79 1311 129 1368 17.
148 1305 275 1365 lutheri
291 1304 441 1362 demetata.
546 1371 548 1374 ¹

560 1456 624 1506 [tid.

165 1557 255 1619 XLll.
279 1556 351 1618 ltem
369 1559 397 1616 in
421 1575 471 1629 eo,
496 1555 570 1639 quod
595 1558 775 1639 superaddit:
798 1559 992 1632 „Luetnosius
1015 1561 1108 1622 adhue
1122 1578 1161 1621 tes
1261 1574 1264 1594 ¹

77 1664 159 1717 esse,
184 1642 258 1724 quod
278 1643 432 1704 chimerion
451 1644 561 1704 isthaec
580 1646 734 1725 applicatio
753 1646 903 1705 transferri
922 1647 1006 1708 solita
1025 1649 1109 1707 sitin
1167 1708 1170 1716 ,

79 1731 271 1792 deiunotos“:
297 1729 400 1801 Falsa,
425 1731 599 1801 temeraria,
617 1733 737 1807 piarum
762 1734 875 1791 aurium
895 1729 1053 1812 offensioa,
1078 1736 1108 1793 in

78 1821 225 1880 Romanos
237 1813 404 1893 Pontsfloes,
422 1822 454 1872 et
465 1817 495 1873 ia
509 1816 624 1892 praesit
644 1825 677 1874 et
690 1835 803 1875 sensum
823 1819 1000 1877 uniuersalis
1015 1820 1109 1877 eoele-

78 1905 142 1964 riae
167 1899 324 1972 iniuriose,
348 1899 490 1960 eisdeoens
513 1901 543 1958 ia
567 1903 699 1959 eriorem
717 1902 898 1962 haeretioeli
913 1912 985 1961 notu
1004 1905 1035 1962 in
1047 1905 1109 1962 Pe-

79 1999 127 2048 tro
142 1989 179 2048 de
194 1987 279 2046 Osme
295 1983 451 2064 confinem,
467 1987 572 2044 iterum
591 1986 758 2046 damnatum
777 1988 807 2044 ia
827 1996 886 2046 art.
908 1991 958 2050 22.
974 1988 1109 2054 desideri.

559 2139 625 2188 Idid.

163 2241 269 2303 XLlll.
292 2240 324 2301 ln
343 2261 379 2302 eo
398 2239 523 2313 demum,
548 2240 623 2320 quod
646 2240 889 2322 impudentissime
912 2244 1055 2304 invehitur
1078 2246 1109 2304 iu

77 2328 200 2390 tahellas
222 2326 476 2405 indulgentiarum,
500 2328 603 2386 altaria
625 2327 806 2406 privilegiata
830 2339 901 2388 eto:
929 2331 1105 2402 Temeraria,

73 2418 195 2495 piarum
219 2416 332 2473 aurium
356 2411 514 2492 effluentia,
537 2415 730 2486 scandaloso,
753 2417 783 2474 iu
804 2433 928 2476 summos
951 2413 1112 2494 Pontifices

78 2511 169 2580 atque
188 2502 217 2559 io
233 2501 347 2577 prusia
367 2508 430 2558 totu
448 2501 575 2558 ecelesia
585 2495 812 2578 frequentatum
832 2503 1055 2564 contumeliosa.

348 2686 396 2748 De
419 2690 665 2748 reservatione
689 2708 836 2749 casuum.
930 2747 932 2751 .

468 2824 509 2873 De
522 2827 620 2887 poenit.
638 2821 663 2886 ς.
683 2827 723 2871 ts.

165 2927 269 2989 XLIV.
293 2927 457 3008 Propositio
475 2927 579 3008 synodi
597 2945 757 2986 assumens:
781 2923 1038 2998 „dissertationem
1058 2945 1109 2984 ea·
1173 2997 1176 3003 Δ

77 3035 160 3076 suum
177 3033 253 3073 nune
272 3015 408 3093 temporis
426 3014 504 3073 aliud
522 3034 579 3074 non
598 3032 662 3074 esse
681 3031 764 3091 quam
782 3007 968 3090 improvidum
983 3009 1108 3088 ligamen
1157 3067 1159 3073 ,

77 3121 132 3181 pro
151 3099 336 3160 inferioribus
354 3092 563 3170 sacerdotibus,
582 3111 613 3159 et
626 3118 724 3160 sonum
739 3116 824 3156 sensu
836 3115 955 3155 vaouum
970 3114 1022 3173 pro
1038 3114 1107 3173 poe·
1203 3130 1205 3134 ·

77 3186 235 3246 nitentibus
254 3186 375 3244 assuetis
394 3205 450 3243 non
469 3182 619 3244 admodum
639 3203 742 3245 curare
756 3182 830 3242 hane
845 3181 1105 3240 reservationem“:

75 3271 182 3343 Falsa,
204 3272 376 3342 temeraria,
395 3272 471 3329 mule
488 3289 610 3342 sonans,
625 3272 811 3348 perniciosa,
836 3266 962 3326 concito
985 3267 1108 3325 Triden-

80 3361 144 3417 tino
164 3359 333 3428 oontraria‚
353 3357 516 3435 superioris
533 3355 740 3415 lu'erarehieae
754 3354 914 3433 potestatis
932 3352 1053 3410 laetalia.

562 3501 632 3558 [didi

164 3627 256 3690 XLV.
279 3629 350 3689 ltem
369 3628 405 3689 de
424 3649 488 3711 spe,
512 3648 594 3708 quam
614 3626 753 3698 ostendit,
776 3628 858 3684 iore:
878 3636 931 3696 „ut
943 3626 1105 3686 'reformato

76 3717 175 3776 rituali
194 3726 224 3775 et
243 3713 343 3776 ordine
362 3716 557 3796 poenitentiae
576 3713 682 3773 nullum
700 3713 819 3790 amplius
836 3710 931 3769 locum
954 3714 1104 3773 habiturae

76 3804 136 3862 sint
158 3799 318 3876 huiusmodi
341 3803 589 3872 reservatioues‚“
613 3831 652 3845 -
676 3807 761 3876 prout
783 3803 893 3854 attenta
914 3799 1104 3877 generalitate

76 3887 231 3952 verhorum
249 3885 354 3961 innuit,
377 3908 431 3970 per
448 3887 681 3972 reformationem
700 3881 809 3942 ritualis
827 3893 856 3942 et
875 3884 983 3944 ordinis
1005 3884 1105 3964 poeni·
1118 3897 1159 3938 aas
