2654 4330
192 241 269 312 m
289 268 294 275 ·
315 246 606 308 ssssroxxtv.
641 227 1093 308 muneremunere

312 385 357 442 e.
373 390 437 440 vill.
461 389 664 442 'summersam
678 395 769 454 poenis
783 391 946 454 grauissimis
957 393 1077 452 punitur.

282 493 376 556 Grave
395 506 545 576 peecatum
563 505 616 566 est,
636 494 764 553 homines
782 493 891 552 solutos
910 493 1213 564 concubinaslmbere,

88 624 93 638 ,
193 581 389 659 gravissimum
413 601 484 641 vero
511 591 541 640 ct
568 583 596 639 in
623 579 705 638 huius
731 580 825 656 magni
847 579 1020 638 sacramenti
1039 579 1214 656 singularem

166 713 168 716 .
193 677 385 747 contemptum
408 665 572 736 admissum,
601 673 737 724 uxoratos
759 682 872 743 quoque
895 665 924 722 in
946 663 1002 724 hoc
1026 662 1215 723 damnationis

140 785 180 826 ῃ,
193 762 267 812 statu
281 754 389 824 vivere,
408 771 442 812 ac
461 751 568 810 audere
588 771 637 810 eas
655 747 824 829 quandoque
842 748 918 808 domi
936 749 1105 809 etiamnum
1119 745 1216 808 uxori·

191 839 244 898 bus
262 839 341 896 alere
360 846 390 896 et
407 839 544 900 retinere.
590 836 695 909 Quare,
714 843 746 893 ut
762 834 829 894 huic
847 835 1011 894 tantomalo
1028 845 1131 894 saneta
1149 855 1218 914 syn·

105 938 106 944 ’
192 921 263 982 odus
291 923 458 1001 opportunis
484 919 618 980 remediis
646 919 810 999 provideat,
838 922 937 979 statuit
963 919 1124 980 huiusmodi
1143 939 1217 978 con·

163 1041 176 1052 -
193 1009 372 1078 mimarios,
399 1017 456 1064 tam
479 1008 588 1064 solutos
611 1025 693 1085 qnam
720 1015 872 1076 uxoratos,
901 1005 1093 1084 cuiuscunque
1117 1016 1216 1075 status,

193 1093 340 1170 diguitatis
358 1101 388 1151 et
407 1089 580 1150 conditionis
603 1092 757 1162 exsistant,
776 1093 814 1162 si,
833 1101 981 1169 postquam
1000 1092 1036 1150 ab
1055 1089 1215 1160 ordinario,

193 1180 278 1238 etiam
297 1195 334 1236 ex
351 1175 460 1247 officio,
484 1187 530 1235 ter
547 1176 683 1236 admoniti
702 1195 737 1236 oa
756 1174 792 1235 do
811 1195 843 1236 re
861 1177 1021 1250 inerint1),
1041 1177 1218 1236 concubinas

193 1283 249 1322 nou
269 1263 422 1334 eiecerint,
450 1280 537 1341 seque
556 1262 591 1321 ah
611 1281 708 1321 earum
727 1260 934 1321 consuetudine
953 1281 1009 1320 non
1028 1262 1216 1332 seiunxerint,

192 1348 487 1408 excommunicatione
501 1347 647 1407 feriendos
662 1365 734 1419 esse,
750 1367 767 1405 a
784 1366 838 1425 qua
852 1366 909 1405 non
919 1347 1110 1418 absolvantur,
1123 1345 1217 1406 donoc

192 1453 225 1492 re
254 1434 315 1511 ipsa
341 1430 528 1492 admonitioni
550 1434 646 1493 iactae
669 1433 825 1511 paruerint.
871 1431 953 1505 Quod
976 1433 1001 1492 si
1026 1433 1056 1490 in
1079 1433 1218 1491 concubi-

149 1539 154 1546 ·
193 1530 259 1577 natu
277 1538 332 1596 per
351 1537 455 1577 anuum
479 1520 608 1578 censuris
631 1519 772 1596 neglectis
795 1518 1018 1596 permanserint,
1046 1529 1148 1575 contra
1167 1537 1217 1576 eos

192 1605 228 1664 at
248 1603 395 1662 ordinario
417 1621 519 1664 severe
541 1623 594 1685 pro
618 1605 753 1684 qualitate
778 1603 903 1662 criminis
922 1599 1106 1681 procedatur.
1152 1602 1216 1662 Mu-

193 1691 296 1758 lieres,
320 1690 380 1748 sive
404 1689 576 1768 coniugatae
599 1691 659 1750 sive
677 1689 803 1759 solutae,
828 1697 989 1766 quaecum
1008 1686 1147 1748 adulteris
1166 1708 1217 1746 seu

193 1775 404 1834 concubinariis
421 1773 536 1852 publico
553 1777 664 1847 vivunt,
688 1775 712 1833 si
731 1782 777 1833 ter
799 1771 962 1832 admonitae
981 1787 1038 1831 nou
1057 1773 1217 1852 paruerint,

192 1860 227 1920 ab
247 1856 400 1918 ordinariis
418 1859 557 1933 locorum,
576 1862 654 1920 nullo
674 1861 759 1920 etiam
778 1859 960 1938 requirente,
981 1877 1018 1916 ex
1036 1855 1131 1916 officio
1151 1878 1217 1936 gra-

123 1979 129 2002 t
190 1941 265 2008 viter
281 1965 334 2025 pro
354 1942 439 2003 modo
459 1947 560 2025 culpae
578 1948 744 2026 puniantur,
769 1953 799 2003 et
817 1954 900 2003 extra
918 1942 1051 2022 oppidum
1069 1943 1115 2002 vel
1136 1941 1217 2001 dioe-

192 2032 295 2102 cesim,
320 2031 343 2090 si
371 2028 400 2089 id
427 2030 535 2091 eisdem
563 2031 716 2091 ordinariis
743 2027 897 2100 videbitur,
926 2029 1075 2101 invocato,
1102 2033 1128 2086 si
1147 2049 1217 2106 opus

188 2118 285 2190 inerit,
303 2115 422 2174 brachio
441 2117 592 2187 saeculari,
611 2118 776 2190 eiiciantur3‘
796 2114 859 2175 aliis
876 2115 1089 2193 poeuiscontra
1107 2111 1217 2174 adulte·

191 2221 240 2261 ros
259 2211 289 2260 et
308 2199 530 2260 concubinarios
549 2202 664 2261 inllictis
683 2204 711 2260 iu
730 2220 781 2259 suo
800 2199 907 2260 robore
926 2197 1167 2279 permaneuultus.

126 2374 135 2384 ·
207 2357 234 2404 c.
253 2355 298 2403 lx.
335 2355 373 2402 No
390 2344 487 2403 domim·
503 2356 657 2416 temporales
675 2363 725 2402 aut
741 2359 915 2416 mogr‘ctrotue
933 2355 1063 2416 quidpiam
1082 2355 1203 2402 libertate·

451 2425 612 2471 matrimonii
627 2425 789 2471 conmordent
808 2423 959 2484 moliantur.

276 2524 318 2583 lta
339 2524 506 2604 plerumque
529 2525 727 2604 temporalium
750 2522 927 2583 dominorum
945 2545 980 2584 ae
1001 2525 1215 2603 magistratuum

189 2611 291 2669 mentis
320 2610 419 2668 oculos
447 2611 556 2669 terreni
583 2609 706 2669 allectus
733 2621 817 2689 atque
843 2609 1015 2689 cupiditates
1044 2620 1213 2682 excaecant,

189 2706 221 2754 ut
237 2697 314 2754 viros
333 2703 363 2752 et
380 2694 523 2767 mulieres,
542 2694 593 2754 snb
604 2714 703 2754 eorum
714 2694 915 2754 iurisdictione
927 2692 1079 2774 degentes,
1091 2697 1214 2754 maxime

190 2779 292 2839 divites
309 2779 356 2839 vel
374 2799 452 2859 spem
471 2799 590 2858 magnae
610 2778 778 2840 hereditatis
797 2780 945 2852 habentes,
965 2781 1048 2841 minis
1067 2790 1098 2839 et
1114 2781 1215 2860 poenis

138 2864 308 2944 madigant
326 2885 390 2925 cum
413 2867 448 2925 iis
478 2866 685 2925 matrimonium
714 2867 820 2924 invitos
848 2866 1036 2938 contrahere,
1066 2886 1138 2945 quos
1162 2865 1216 2944 ipsi

190 2946 295 3011 domini
321 2951 368 3010 vel
395 2953 577 3030 magistratus
604 2953 660 3010 illis
686 2951 936 3030 praescripserint.
991 2952 1102 3025 Quare,
1131 2971 1217 3031 quum

189 3039 310 3098 maxime
334 3037 473 3096 nefarium
495 3039 545 3109 sit,
575 3037 745 3096 matrimonii
764 3036 924 3102 libertatem
934 3037 963 3112 ²)
982 3037 1106 3108 violare,
1132 3047 1164 3097 et
1180 3035 1216 3096 alt

188 3123 231 3180 eis
249 3121 366 3180 iniurias
390 3125 479 3192 nasci,
500 3143 515 3181 a
536 3123 636 3202 quibus
655 3124 716 3181 iura
731 3131 943 3199 exspectantur,
962 3123 1218 3201 praeeipitsancta

188 3206 315 3286 synodus
333 3208 477 3278 omnibus,
507 3209 699 3287 cuiuscunque
719 3204 838 3286 gradus,
858 3205 1005 3284 dignitatis
1024 3216 1053 3266 et
1072 3205 1219 3266 conditio·

188 3293 233 3351 nis
251 3294 404 3363 exsistant,
427 3293 478 3352 sub
497 3293 687 3352 anathematis
705 3311 813 3371 poena,
838 3312 919 3371 quam
938 3293 999 3372 ipso
1018 3292 1096 3351 iacto
1116 3293 1218 3352 incur·

187 3389 263 3450 rant,
282 3397 318 3438 ne
338 3380 437 3456 quovis
461 3376 544 3438 modo
569 3376 682 3438 directe
700 3379 745 3436 vel
764 3375 907 3437 indirecte
931 3376 1061 3436 subditos
1083 3397 1152 3438 suos
1168 3377 1217 3438 vel

188 3480 372 3541 quoscunque
400 3464 472 3522 alios
496 3473 616 3541 cogant,
648 3465 796 3542 quominus
824 3462 915 3523 libere
943 3462 1122 3524 matrimonio
1145 3481 1217 3523 con·

192 3547 357 3620 trahenti).

188 3705 401 3722 ’.ψη-

241 3812 316 3856 Sors.
337 3812 429 3856 xxtv.
462 3818 472 3857 t
502 3814 531 3857 ci.
547 3814 824 3860 eX.doeohals.cler.
840 3815 949 3910 (imp
979 3815 1217 3910 Eugamllqlsecs.

187 3863 267 3907 XXV.
285 3865 313 3906 de
323 3864 367 3906 rei.
378 3879 398 3908 c.
410 3868 441 3907 tt,
455 3887 481 3897 --
506 3867 528 3917 2)
544 3865 574 3909 ei.
586 3879 606 3910 e.
617 3870 649 3909 tt.
660 3869 692 3910 tt.
702 3869 735 3910 29.
750 3863 782 3910 X.
800 3868 828 3910 tle
843 3880 922 3924 spons.

970 3870 1005 3910 ,1.
1022 3867 1112 3921 (ianoe

187 3919 210 3970 t)
221 3923 250 3959 ct.
263 3929 281 3960 e.
292 3917 311 3957 t.
323 3914 349 3958 C.
360 3913 476 3960 xxxvl.
487 3929 524 3971 qu.
534 3919 555 3960 2.
565 3921 640 3970 (conc.
651 3919 739 3968 Poris.)

1150 3869 1218 3923 t.)-
