2654 4330
57 293 60 304 ¹
135 269 288 362 ,ιω
352 225 1063 344 'susuoxnlxonassoauus
1139 265 1147 326 1

209 429 263 489 diti
273 421 401 500 moriat,
419 447 473 508 per
489 447 555 503 eos,
579 447 650 510 puros
668 424 704 487 ad
721 390 978 530 praedicationis
962 445 1062 489 manus
1080 427 1231 503 assumam,

210 516 239 573 in
258 515 321 573 aliis
340 521 434 572 autem
452 512 585 574 ecclesiis
605 532 659 593 per
676 514 834 596 parochos,
859 515 932 585 sire,
952 507 986 572 iis
1005 513 1164 593 impeditis,
1180 533 1233 596 per

209 591 283 658 alios
307 598 342 658 ab
366 601 503 679 episeopo
527 601 661 679 impensis
679 619 792 672 eorum,
817 600 864 678 qni
887 617 937 658 eas
954 609 1108 678 praestaro
1126 600 1173 658 vel
1189 611 1232 660 te·

209 692 314 743 nentur
335 685 381 743 vel
405 682 520 756 solent,
541 683 749 764 deputandns'
741 705 768 742 m
794 685 923 756 civitate,
951 693 1000 743 aut
1018 686 1046 742 in
1064 701 1231 764 quacunque

208 779 291 848 parte
310 768 452 828 dioecesis
472 770 630 828 censebunt
648 767 795 848 expedire,
815 770 914 828 saltem
934 769 1062 830 omnibns
1080 769 1232 831 dominicis

208 865 240 913 et
261 853 426 913 solennibus
450 853 551 914 diebus
568 855 662 925 lestis,
686 865 816 933 temporo
835 864 929 912 autem
947 855 1133 927 ieiuniorum,
1159 855 1233 928 Qua-

141 957 146 964 ·
207 938 388 1017 dragesimae
411 948 442 998 et
462 936 611 998 Adventus
630 939 756 1010 Domini,
782 937 923 1018 quotidie,
947 939 993 998 vel
1016 941 1118 1001 saltem
1142 940 1232 1000 tribus

208 1026 237 1082 in
255 1022 435 1084 bebdomada
454 1022 563 1095 diebus,
583 1027 607 1082 si
625 1025 666 1082 ita
685 1035 821 1103 oportere
839 1022 981 1096 duxerint,
1001 1028 1233 1104 sacrasscriptu-

207 1127 254 1172 ras
278 1107 455 1187 divinamque
483 1110 577 1187 legem
595 1111 781 1181 annuncient,
805 1119 836 1168 et
853 1105 938 1180 alias,
959 1110 1186 1190 quotiescunque
1203 1110 1232 1170 id

208 1203 368 1272 opportune
386 1195 449 1253 lieri
467 1211 553 1273 posse
571 1193 771 1254 iudicaverint.
815 1193 989 1272 Moncstpue
1007 1197 1162 1276 episcopiis
1181 1214 1233 1274 po·

155 1280 302 1358 mapulam
320 1278 490 1357 diligenter,
510 1282 603 1338 teneri
625 1299 850 1358 unumquemque
868 1280 1025 1358 parochiae
1048 1297 1117 1338 suae
1141 1282 1232 1339 inter-

207 1383 286 1434 esse,
315 1363 362 1422 ubi
389 1363 539 1423 commode
566 1363 594 1422 id
622 1365 686 1424 lieri
712 1375 821 1444 potest,
853 1364 889 1423 ad
917 1363 1087 1424 audiendum
1111 1364 1231 1424 verbum

207 1449 310 1522 Deil).
355 1447 457 1509 Nullus
475 1459 570 1508 autem
589 1451 746 1508 saecularis
764 1451 823 1510 sive
842 1451 997 1528 regularis,
1026 1452 1111 1510 etism
1135 1452 1164 1508 in
1183 1470 1232 1510 ec-

206 1535 303 1593 clesiis
331 1553 445 1592 suorum
473 1533 616 1606 ordinum,
650 1533 867 1596 contradicente
894 1537 1031 1614 episeopo
1059 1534 1231 1614 praedicare

205 1628 377 1698 praesumat.
414 1618 504 1679 iidem
522 1623 607 1680 etiam
626 1621 726 1680 saltem
745 1618 895 1679 dominicis
913 1631 944 1680 et
961 1621 1025 1682 aliis
1043 1622 1154 1680 festivis
1168 1620 1231 1680 die-

174 1712 180 1727 *
206 1705 258 1762 bus
275 1723 381 1782 pueros
399 1707 427 1763 in
446 1706 564 1783 siugulis
581 1705 727 1784 parochiis
746 1704 812 1764 fidei
822 1703 982 1765 rudimenta
997 1717 1027 1764 et
1037 1704 1231 1766 obedientiam

183 1793 278 1868 'erga
296 1789 385 1848 Deum
409 1799 439 1848 ct
460 1801 595 1870 parentes
618 1789 773 1869 diligenter
794 1791 898 1861 abiis,
921 1786 959 1850 ml
983 1811 1053 1870 quos
1075 1792 1229 1868 spectabit,

142 1898 143 1907 ¹
205 1873 307 1934 doceri
330 1876 483 1947 curabunt,
507 1887 552 1947 et,
576 1877 600 1935 si
623 1895 694 1955 opus
716 1876 765 1947 sit,
791 1877 875 1954 odam
899 1893 1109 1954 persenseras
1131 1876 1230 1934 eccle·

205 1961 335 2019 siastieas
353 1962 541 2042 compellent3
570 1981 626 2021 nou
650 1961 827 2021 obstantibus
845 1961 1003 2039 privilegiis
1021 1972 1052 2020 et
1076 1972 1229 2020 consuetu·

203 2044 327 2106 dinibus.
372 2045 404 2104 ln
422 2048 539 2125 reliquis
558 2065 607 2118 ea,
631 2065 704 2125 quae
728 2044 764 2106 de
787 2044 1011 2125 praedicationis
1034 2065 1152 2105 munere
1177 2045 1227 2104 sub

204 2131 307 2191 eodem
326 2130 415 2189 Paulo
435 2131 486 2189 lll.
506 2129 626 2190 decreta
644 2132 812 2205 iueruut2),
831 2148 910 2190 suum
927 2131 1017 2190 robur
1035 2131 1195 2190 obtineant.

219 2285 289 2333 [AV.
327 2285 429 2332 Caesae
447 2286 595 2334 ominales
613 2291 708 2333 cuano
727 2288 857 2346 episcopos
876 2288 987 2333 auctores
1005 2301 1024 2331 α
1041 2287 1095 2333 solo
1113 2299 1211 2334 summo

307 2352 447 2418 haospice,
466 2355 576 2402 minores
594 2369 613 2400 a
631 2355 738 2402 coneilio
753 2355 913 2414 provinciali
928 2360 1124 2415 cognoscantur.

290 2437 400 2497 Causae
426 2439 587 2497 criminales
609 2438 794 2516 graviorest)
822 2448 923 2498 contra
946 2439 1113 2517 episcopos,
1143 2440 1228 2500 etiam

173 2549 186 2563 ·
203 2523 346 2590 haeresis,
371 2521 446 2598 quod
464 2523 552 2594 absit,
577 2541 649 2600 quae
668 2521 848 2601 depositione
873 2533 922 2581 aut
938 2523 1098 2601 privatione
1122 2520 1227 2600 dignae

202 2616 282 2678 sunt,
305 2605 427 2684 abipso
451 2617 558 2666 tantum
576 2627 683 2666 summo
703 2606 831 2666 Romano
849 2606 990 2667 Pontifiee
1014 2619 1228 2707 cognoscentnr

202 2702 234 2752 et
251 2692 448 2750 terminentur
494 2691 617 2791 Quot
595 2713 619 2752 su
637 2691 776 2752 eiusmodi
794 2694 831 2750 sit
849 2695 949 2765 causa,
967 2711 1041 2776 quae
1060 2695 1226 2753 necessario

201 2785 286 2834 extra
305 2775 462 2834 Romanam
486 2778 592 2836 curiam
615 2780 652 2837 sit
674 2773 892 2849 committenda,
920 2779 1024 2841 nemini
1046 2797 1166 2857 prorsus
1194 2797 1227 2838 ea

202 2863 405 2932 committatur,
434 2863 489 2921 nisi
516 2864 742 2943 metropolitanis
768 2874 818 2921 aut
844 2864 988 2963 episcopis
1015 2883 1033 2922 a
1060 2863 1225 2924 beatissimo

178 2946 280 3024 ‘Papa
307 2945 457 3025 eligendis.
511 2947 591 3008 llaec
616 2967 686 3007 vero
714 2949 875 3006 commissio
902 2959 933 3007 et
958 2948 1091 3027 specialis
1119 2950 1170 3020 sit,
1199 2959 1228 3008 et

201 3051 285 3090 manu
307 3033 395 3110 ipsius
417 3035 587 3092 sanctissimi
610 3033 758 3096 Pontifinis
781 3035 906 3110 signata,
936 3053 991 3092 neo
1018 3051 1139 3112 umqum
1164 3033 1225 3112 plus

143 3141 147 3147 ’
202 3117 246 3174 bis
269 3117 388 3187 tribuat,
413 3129 494 3196 quam
518 3129 550 3177 ut
570 3119 660 3177 solam
687 3119 757 3176 faeti
780 3119 996 3178 instructionem
1024 3128 1135 3176 sumant
1158 3137 1226 3198 pro-

202 3214 369 3281 cessumque
393 3203 561 3274 conficiant,
595 3222 677 3282 quem
699 3203 794 3262 statim
814 3201 853 3261 ad
876 3202 1031 3262 Romanum
1055 3201 1225 3263 Pontificem

148 3309 189 3349 aas
202 3290 407 3359 transmittant,
435 3299 583 3348 reservata
600 3287 694 3347 eidem
712 3287 890 3348 sanctissimo
908 3289 1051 3348 sententia
1069 3286 1225 3348 definitiva.

202 3373 307 3432 Cetera
330 3373 438 3448 alias4)
467 3373 518 3432 sub
536 3374 585 3432 fel.
609 3393 669 3432 rec
690 3373 761 3432 lulio
781 3371 831 3432 lll.
852 3391 938 3474 super
955 3373 998 3432 bis
1017 3372 1150 3445 decreta,
1167 3390 1226 3436 neo

201 3475 258 3514 non
281 3469 311 3516 ct
334 3460 500 3517 constitutio
523 3459 574 3518 sub
594 3457 762 3517 innocentio
781 3449 831 3518 Ill.
841 3459 897 3532 ⁵)'
888 3479 917 3517 ιιι
941 3459 1064 3518 concilio
1084 3459 1224 3537 generali,

158 3536 163 3547 '
200 3560 274 3619 quae
297 3544 411 3620 incipit:
441 3545 577 3620 Quantos
599 3553 632 3602 et
652 3545 782 3621 quondo,
811 3563 892 3623 quam
919 3555 1019 3604 sancta
1046 3542 1204 3622 syuodns'
1196 3562 1225 3602 an

199 3627 347 3704 praesenti
379 3629 508 3700 innovat,
540 3629 575 3687 ab
603 3629 731 3687 omnibus
764 3629 942 3688 observetur.
998 3627 1127 3688 blinores
1154 3647 1225 3688 vero

203 3766 415 3780 Q

253 3837 329 3882 sm.
346 3837 439 3882 xx1v.
467 3840 529 3893 t).ci
540 3843 643 3886 e..ti².l)
653 3842 673 3886 1.
684 3822 803 3894 decenn(
796 3847 856 3894 toan.
867 3845 913 3900 Ap.
936 3846 1000 3888 c..6³
1010 3845 1051 3887 ib.-
1048 3842 1224 3899 ·.(soutucacet

200 3891 297 3942 autam)
322 3892 345 3943 2)
359 3889 390 3932 ei
405 3846 1226 3948 scailmannus.-aper.San.lt1‘11.tarar.e.s.ouu

201 3937 308 3993 ollem·
332 3941 396 3994 Μ,
408 3955 427 3984 o.
438 3944 458 3984 t
468 3945 487 3985 1.
499 3943 562 3986 Sars.
573 3945 648 3987 eit.-
674 3949 696 3998 5)
711 3897 775 3990 aad
776 3945 815 3993 Χ.
825 3947 941 3990 daweus.
952 3947 981 3991 V.
991 3951 1011 3992 t.
1022 3943 1176 3992 estimato.
