2648 4336
476 165 487 194 Ο

332 268 334 274 '
400 275 528 344 DAMN.
548 273 636 335 SYN·
655 273 819 334 Pistor.
1047 277 1127 344 101

76 418 299 482 Calumniae
327 413 493 478 advorsos
520 417 654 496 aliquas
682 414 883 478 decisiones
914 417 947 478 in
978 420 1125 486 materia

252 499 348 564 fidei
370 501 410 560 ab
433 501 569 582 aliquot
589 503 744 564 saeculis
767 513 952 563 emanatas.

506 603 616 667 neno
631 602 657 672 §-
676 607 717 654 sn.

162 709 237 770 x11.
256 705 447 767 Assertiones
461 707 564 786 synodi
579 709 755 787 complexive
770 720 909 789 acceptae
925 711 1003 770 circa
1018 709 1124 770 decisi·
1135 728 1177 772 sao

75 814 147 856 ones
166 797 200 854 in
221 794 352 854 materia
370 792 437 852 lidei
456 793 491 852 ab
510 794 619 872 aliquot
636 795 760 854 saeculis
781 805 940 867 emanatas,
965 814 1035 874 quas
1056 815 1123 875 per·

73 881 158 941 bibet
177 881 267 940 velut
288 878 408 938 decreta
426 879 462 937 ab
480 899 535 937 una
553 879 720 957 particulari
739 880 865 939 ecclesia
882 881 928 939 vel
950 881 1049 959 paucis
1072 901 1123 960 pa·

75 966 207 1026 storibus
224 965 375 1046 prolecta,
391 964 467 1022 nulla
482 963 635 1023 sufficienti
649 965 822 1024 auctoritate
837 964 959 1037 suffulta,
976 976 1042 1025 natu
1057 985 1123 1025 cor·

75 1049 265 1132 rumpendae
286 1051 404 1128 puritati
423 1048 499 1120 fidei,
519 1069 553 1110 ac
572 1048 661 1109 turbis
680 1048 849 1122 excitandis,
868 1051 976 1110 intrusa
990 1053 1122 1130 pervim,

75 1156 91 1194 e
110 1137 221 1216 quibus
242 1137 357 1196 inflicta
375 1145 439 1193 sunt
456 1135 574 1195 vulnera
593 1136 706 1195 nimium
725 1135 818 1196 adbuc
837 1138 981 1196 recentia:
1004 1137 1121 1208 Falsae,

77 1226 256 1300 captiosae,
290 1222 482 1292 temerariae,
506 1221 715 1291 scandalosae,
746 1224 776 1280 in
799 1223 946 1281 Romanos
962 1221 1123 1300 Pontifices

15 1381 17 1386 ,
77 1317 109 1366 et
130 1309 301 1366 ecclesiam
326 1307 503 1376 rnt'urinsae,
527 1304 645 1364 debitae
668 1307 841 1383 apostolicis
864 1306 1122 1366 constitutionibus

15 1391 17 1416 '
78 1391 280 1452 obedientiae
301 1391 492 1470 derogantes,
511 1391 728 1462 scismaticae,
744 1392 946 1468 perniciosae,
972 1391 1013 1452 nd
1028 1393 1121 1452 minu:

77 1495 240 1540 erroneae.

325 1627 372 1688 De
394 1648 480 1707 pace
503 1627 600 1690 dicta
624 1629 816 1690 Clementis
838 1627 889 1688 lX.
956 1687 964 1701 ,

421 1731 466 1782 Or.
484 1732 573 1794 synod.
591 1728 618 1797 5.
637 1734 660 1781 2.
679 1736 706 1780 in
724 1739 796 1780 nota.

169 1833 254 1894 xttl.
287 1833 450 1914 Propositio
474 1835 567 1892 relata
590 1835 666 1894 inter
690 1843 757 1893 acta
784 1832 901 1912 synodi,
931 1854 1004 1913 quae
1031 1838 1123 1896 innuit

82 1918 267 1980 Clementem
289 1919 339 1978 IX.
358 1939 458 1998 pacem
477 1920 622 1978 eeclesiae
641 1917 800 1978 reddidisse
818 1937 872 1998 per
885 1920 1122 1998 approbationem

83 2001 284 2065 distinctionis
303 2006 372 2064 ioris
391 2016 421 2064 et
438 2005 508 2064 faeti
526 2007 555 2062 in
573 2005 783 2083 subscriptione
805 2005 954 2062 lormulari
976 2005 1013 2064 ab
1031 2003 1122 2066 Alex·

82 2087 173 2150 andro
192 2089 264 2150 Vll.
285 2093 471 2170 praescripti:
490 2091 593 2162 Falsa,
615 2092 787 2161 temeraria,
811 2091 955 2150 Clementi
967 2091 1025 2149 IX.
1044 2093 1118 2151 ritin-

83 2193 174 2235 rrosa.

167 2259 252 2323 XlV.
280 2261 423 2334 Quatenus
441 2280 511 2321 vero
535 2263 562 2320 ci
585 2259 762 2320 distinctioni
785 2261 970 2339 suffragatur,
994 2260 1121 2322 eiusdem
1165 2254 1173 2287 ³*

85 2345 214 2406 lautores
230 2347 363 2407 laudibus
377 2343 554 2418 extollendo,
569 2355 711 2405 eteorum
727 2345 907 2405 adversarios
917 2346 1120 2424 vituperando:

89 2431 276 2506 Temeraria,
292 2435 475 2511 perniciosa,
490 2435 606 2492 summis
617 2431 812 2512 Pontificibus
827 2433 981 2504 iniuriosa,
996 2433 1121 2492 schisma

84 2511 187 2587 fouens
207 2529 242 2578 et
257 2520 415 2580 baeresim.

107 2657 108 2660 Ἴ
215 2671 265 2731 De
289 2673 596 2751 coagmentatione
621 2674 783 2750 corporis
806 2673 995 2734 ecclesiae.

494 2771 613 2835 Appenni.
630 2789 655 2822 n.
674 2776 714 2822 28.

108 2887 110 2890 '
134 2901 139 2908 ·
173 2876 242 2962 XY.
265 2875 415 2948 Doctrina,
435 2895 507 2955 quae
526 2877 670 2956 proponit:
689 2876 864 2946 „ecclesiam
884 2875 1121 2938 considerandam
1216 2939 1225 2948 ,

91 2959 263 3023 velutnnum
278 2981 382 3042 corpus
396 2963 545 3041 mysticum
560 2970 788 3039 coagmentatum
804 2980 841 3020 ex
851 2960 965 3021 Christo
981 2963 1076 3041 capite
1091 2973 1122 3025 et

93 3041 239 3121 fidelibus,
259 3048 306 3128 qui
324 3059 389 3108 sunt
407 3049 468 3108 eius
486 3048 611 3108 membra
630 3066 683 3126 per
700 3047 832 3106 unionem
850 3046 1042 3118 infallibilem,
1066 3067 1121 3126 qua

94 3130 264 3197 mirabiliter
282 3133 426 3194 credimus
445 3153 508 3193 cum
526 3134 588 3213 ipso
611 3151 681 3192 onus
704 3131 781 3192 solus
803 3129 956 3205 sacerdos,
979 3151 1035 3195 una
1058 3133 1120 3194 sola
1133 3153 1172 3200 sss

92 3213 216 3291 victima,
235 3239 306 3280 uuus
324 3220 402 3280 solas
420 3219 558 3279 adorator
575 3219 722 3298 perfectus
740 3217 794 3277 Dei
813 3218 905 3278 Patris
924 3219 953 3276 in
970 3219 1071 3298 spiritu
1090 3229 1122 3278 et

92 3301 246 3376 rectator*
266 3339 306 3350 -
325 3305 472 3366 intellecta
490 3304 547 3364 boc
565 3323 659 3376 sensu,
678 3315 710 3364 ut
727 3302 763 3362 ad
783 3323 886 3384 corpus
904 3305 1048 3365 ecclesiae
1062 3324 1120 3368 non

94 3389 256 3458 pertineant
272 3392 327 3450 nisi
346 3390 460 3463 fideles,
484 3391 531 3469 qui
550 3400 614 3450 sunt
631 3391 754 3470 perfecti
773 3388 943 3450 adoratores
965 3389 994 3448 in
1016 3387 1121 3468 spiritu

95 3477 124 3525 tt
140 3476 277 3536 veritate:
300 3478 470 3537 Haeretica.

313 3671 315 3678 ι
393 3628 441 3691 De
463 3641 555 3691 statu
578 3630 813 3690 innocentiae.

181 3728 220 3777 Dc
236 3739 307 3796 grat.
324 3729 367 3798 55
386 3735 410 3782 4.
429 3735 453 3781 i.
472 3733 503 3780 de
520 3747 589 3783 anm.
607 3733 634 3780 in
650 3747 706 3796 gen.
724 3729 792 3798 51.
811 3733 841 3780 de
854 3735 952 3795 poenit.
969 3729 995 3802 5.
1013 3735 1037 3784 4.

177 3828 256 3909 xvl.
275 3834 415 3899 Doctrina
432 3835 535 3918 synodi
557 3833 593 3897 de
616 3845 692 3898 statu
713 3835 808 3897 felicis
829 3835 1025 3907 innocentiae,
1050 3855 1120 3916 qua·

98 3907 150 3980 ltu
168 3934 230 3980 enm
247 3933 448 4001 repraesentat
464 3921 621 4008 inAdamo
639 3933 706 3988 ante
724 3933 883 4003 peccatum,
907 3923 1121 4006 complectente
