2654 4334
240 219 953 280 onartouautrotusassmur.
1039 219 1112 288 ou
1211 300 1218 312 x

84 359 223 431 illabitur,
245 369 314 420 tnnc
337 359 419 419 nohis
443 357 568 420 adfuisse
593 370 648 422 tam
668 362 785 441 copiose
808 363 1018 442 perspiciatur?
1050 363 1111 428 Ac·

83 455 236 507 mseruut
260 444 297 504 ad
325 446 398 505 haec
426 443 462 506 do
488 455 676 506 sacrosancto
699 447 801 508 missac
828 448 989 522 meriaco,
1016 461 1048 514 et
1073 449 1110 514 do

82 532 281 592 commuuione
299 529 481 610 suhutraque
494 532 592 613 specio
610 542 641 591 et
657 532 842 612 parvulorum.
857 531 990 610 decreta;
1008 536 1110 616 oribus

84 616 196 698 quidem
215 616 285 676 nihil
304 617 444 688 sanctius,
464 617 533 676 nihil
551 617 662 690 utilius,
681 628 713 676 ut
731 616 766 678 de
786 619 870 678 coelo
890 620 978 699 lapsa,
998 641 1055 682 uon
1073 621 1109 683 ab

82 701 243 762 homiuibus
266 703 424 780 composita
445 699 605 762 videantur.
649 701 832 782 Adiungetur
853 703 896 764 his
919 705 1006 768 hodie
1029 718 1116 767 certe

82 787 116 848 de
134 785 336 866 indulgentiis,
356 785 391 847 do
409 788 593 866 purgatorio,
612 786 649 847 de
667 799 830 850 sauctorum
848 793 1047 864 veneratione,
1066 793 1110 852 in-

82 874 249 945 voeafioae,
277 871 447 950 imaginibus
473 883 504 933 et
530 874 659 954 reliquiis
686 872 833 947 doctriua,
861 895 915 955 qua
939 897 996 938 non
1018 877 1108 940 solum

80 959 293 1024 baereticorum
321 956 467 1017 fraudibus
495 968 526 1018 et
548 959 695 1019 calumniis
717 957 887 1033 obsistatur,
919 960 972 1023 sed
998 964 1109 1042 piorum

79 1046 167 1104 ctiam
187 1044 396 1104 catholicorum
414 1044 599 1104 conscientiis
616 1044 701 1124 plerm
719 1045 850 1106 satisfiet.

165 1129 248 1190 llaec
272 1129 307 1189 de
329 1128 417 1188 rebus
439 1127 618 1189 adsalutem
640 1141 766 1194 nostram
784 1132 1007 1210 pertinentibus,
1036 1152 1109 1212 quae

80 1215 216 1294 dogmata
238 1215 431 1294 appellantur,
452 1214 547 1276 fauste
569 1234 607 1274 ar
628 1215 755 1276 feliciter
770 1217 887 1278 luorum
904 1229 1039 1298 peracta3
1058 1238 1110 1280 ue·

82 1321 135 1380 que
154 1298 232 1360 aliud
252 1302 401 1379 quicquam
419 1310 573 1379 praeterea
595 1319 632 1360 co
650 1301 679 1359 in
698 1320 807 1380 genere
825 1322 843 1361 a
861 1301 944 1366 uobis
962 1304 1018 1366 hoc
1036 1313 1109 1365 tem·

80 1405 150 1466 pore
170 1385 394 1464 exspectabitur.

166 1471 200 1531 ln
218 1490 316 1530 corum
334 1482 428 1530 autem
447 1469 612 1550 quibusdam
631 1469 860 1532 administrandis
875 1493 959 1553 quum
973 1474 1110 1536 nonnulla

81 1566 193 1628 essent,
211 1576 284 1635 quae
309 1576 365 1615 nou
387 1557 443 1615 rite
467 1556 582 1616 omuino
605 1561 642 1616 ac'
662 1567 743 1618 recto
766 1568 964 1630 servarentur,
989 1578 1109 1620 accura-

81 1644 200 1713 tissime,
217 1641 319 1700 Patres
337 1641 510 1720 amplissimi,
530 1642 661 1712 curastia
680 1652 711 1700 ut
724 1660 794 1720 pure
807 1642 857 1702 illa
870 1652 901 1702 et
914 1653 1004 1714 caste,
1023 1654 1108 1723 etque

81 1749 118 1788 ex
130 1746 212 1788 more
227 1727 413 1806 institutoque
431 1727 567 1786 maiorum
582 1737 786 1788 tractarentur.
822 1727 866 1788 lte
880 1746 992 1790 omnen
1010 1748 1111 1809 ouper-

81 1814 242 1884 stitioaem,
260 1831 373 1872 omnem
392 1822 554 1890 quaestam,
574 1831 685 1872 omnem
705 1819 748 1885 (ut
762 1810 872 1887 dicunt)
890 1813 1111 1877 irreverentiam
1234 1827 1237 1834 “

69 1920 97 1958 n
118 1897 218 1960 divina
240 1899 387 1958 mmmrum
410 1897 607 1959 celebratione
630 1896 800 1969 abstulistis,
826 1899 922 1975 vagis,
950 1900 1057 1976 ignotis
1081 1910 1112 1960 et

81 1984 244 2044 criminosis
261 1982 460 2042 sacerdotibus
478 1991 607 2042 sanetum
624 1981 681 2042 hoc
700 1981 805 2042 offerre
824 1983 996 2045 sacrificinm
1019 1985 1109 2044 inter-

80 2069 208 2140 dixistis,
236 2070 280 2128 rei
302 2069 384 2130 buius
406 2068 617 2128 sacratissimae
640 2087 719 2128 usum
742 2087 760 2128 a
782 2069 900 2147 privatis
922 2066 1052 2130 domibus
1079 2080 1110 2128 et

80 2155 211 2236 profanis
228 2155 257 2213 in
275 2173 360 2214 sacra
378 2164 409 2212 et
425 2153 563 2232 religiosa
577 2153 643 2213 loca
656 2155 824 2226 revocastis,
843 2154 990 2214 molliores
1009 2165 1109 2218 canuto
1154 2205 1156 2210 .

80 2252 110 2300 et
135 2240 334 2320 symphonias,
367 2238 625 2310 deambulationes,
658 2239 815 2318 colloquia,
847 2241 1060 2318 negotiationes
1092 2261 1110 2300 a

79 2327 188 2406 templo
203 2325 317 2388 Domini
335 2326 538 2397 summovistis3
557 2326 598 2384 ita
616 2325 815 2384 ecclesiastico
833 2326 986 2404 uuicuique
1005 2325 1109 2403 grodm

79 2414 162 2490 leges
182 2411 285 2471 illaea
306 2410 389 2470 vobis
407 2411 604 2489 praescriptae
624 2420 701 2481 sunt,
726 2420 757 2470 ut
775 2409 880 2470 tradito
899 2410 956 2472 illis
972 2409 1109 2471 divinitus

79 2495 199 2568 ordine,
230 2495 367 2556 abutendi
390 2496 482 2555 uellus
508 2497 605 2575 utique
633 2497 714 2555 loeus
735 2497 921 2576 relinquatur.
971 2495 1016 2556 lta
1038 2516 1110 2556 non·
1123 2519 1162 2562 aaa

79 2583 159 2641 nulla
176 2583 348 2641 matrimonii
366 2579 581 2660 impedimenta,
606 2600 679 2659 quae
696 2601 793 2642 ansam
811 2583 891 2660 quuoi
916 2580 1055 2662 quandam
1073 2579 1108 2644 ed

78 2666 216 2727 violanda
239 2667 382 2726 ecelesiae
405 2677 560 2746 praecepta
583 2663 652 2726 dare
670 2665 848 2738 videbantur,
872 2669 1048 2738 removistis,
1067 2666 1110 2728 la-

79 2755 167 2813 cilem
184 2754 287 2812 venias
306 2749 526 2838 consequendae
544 2753 619 2812 viem
637 2753 728 2811 miuus
745 2752 873 2828 legitime
892 2752 1029 2814 connubii
1046 2753 1110 2813 ioe-

79 2837 134 2898 dus
151 2838 315 2898 ineuntibus
332 2838 541 2898 interclusistis.
588 2835 661 2909 Quid
679 2835 715 2897 de
733 2837 844 2896 furtivis
862 2837 1108 2915 tenebricosisque

79 2925 270 2994 matrimoniis
294 2926 532 2982 commemorem?
561 2920 699 3003 Equidem
719 2923 759 2981 ita
780 2923 888 2992 sentio,
911 2924 935 2982 si
953 2922 1010 2982 alio
1033 2922 1110 2983 nulla

79 3029 170 3068 cusu
191 3007 372 3068 convocandi
395 3008 547 3068 concilium
569 3009 671 3068 lenset
693 3012 775 3087 (quae
794 3006 899 3091 multuo
920 3016 953 3068 et
970 3007 1109 3068 maximae

78 3095 226 3170 fuerunt),
262 3104 382 3174 propter
410 3113 491 3153 umm
520 3093 593 3160 hanc
616 3092 646 3152 id
673 3093 787 3153 omnino
816 3093 904 3154 fuisse
934 3090 1107 3155 laciendum.

78 3179 155 3239 Nam
180 3199 263 3258 quum
292 3198 340 3238 res
362 3180 434 3239 haec
457 3177 494 3237 ad
513 3197 611 3238 omnes
634 3189 756 3258 spectet,
780 3197 872 3258 neque
895 3177 968 3238 ullus
990 3179 1020 3238 iu
1038 3177 1109 3239 orbe

78 3276 223 3328 terrarum
246 3265 379 3324 universo
401 3264 521 3342 angulus
544 3266 719 3344 reperiatur,
748 3283 831 3345 quem
854 3263 933 3324 labes
955 3263 1028 3322 haec
1052 3282 1109 3320 non

78 3352 234 3428 invaserit,
258 3347 413 3410 curandum
440 3349 542 3408 merito
570 3350 686 3421 fuisset,
715 3360 745 3410 ut
772 3349 915 3410 communi
939 3348 1005 3408 huic
1032 3347 1107 3406 molo

79 3437 334 3495 communi=etiam
357 3435 479 3496 consilio
497 3433 707 3513 provideretur.
753 3433 1034 3505 Immemorabilium,
1053 3431 1108 3494 Pa·

79 3531 141 3581 tres
161 3521 341 3594 sanctissimi,
361 3531 392 3582 et
409 3520 639 3600 gravissimorum
654 3519 824 3580 delictorum
843 3539 877 3581 ac
897 3520 1038 3580 scelerum
1058 3538 1109 3580 oc·

78 3609 161 3666 casio
184 3605 405 3688 prudentissima
428 3607 596 3666 ista·vestra
614 3625 648 3665 ae
666 3625 757 3684 prope
776 3604 872 3665 divina
889 3606 1040 3666 sanctione
1057 3623 1109 3684 pe·

77 3694 158 3752 nitus
180 3692 278 3752 oblata
300 3702 359 3765 est,
382 3702 414 3751 et
436 3691 615 3751 Christianae
639 3690 814 3770 reipublicae
837 3690 1040 3769 gubernationi
1062 3709 1109 3748 sa-

76 3778 259 3854 pientissime
284 3779 453 3837 consultum.
497 3775 630 3838 Accedet
652 3775 688 3837 ad
711 3775 783 3836 haec
806 3777 883 3836 utilis
901 3778 930 3836 in
952 3775 1050 3854 primis
1073 3793 1108 3834 nc

76 3865 250 3924 necessaria
276 3864 427 3922 multorum
453 3863 482 3922 iu
508 3864 682 3941 purgatorii,
714 3871 877 3923 sanctorum
903 3861 1109 3976 vpneratiouis,

879 3951 920 4008 ta
