2654 4334
236 265 393 326 nuens
417 225 571 326 suren
598 269 819 326 consuere.
847 269 982 328 cous.
1043 272 1123 334 ete

94 423 123 472 et
141 428 289 472 sacrarum
307 409 454 471 literarum
471 410 593 470 scientia
612 409 755 491 divinique
778 421 811 472 ct
825 412 939 472 buunsni
961 413 1031 474 iuris
1049 432 1120 492 cog·

92 499 204 556 uitione
213 505 396 576 praestantes
404 497 483 556 vires
492 494 722 575 praesidentibus
730 497 784 578 ipsi
794 496 905 578 synodo
915 496 992 560 sedis
1002 509 1122 577 aposto·

91 585 167 642 licae
188 583 302 661 legatis,
321 580 403 641 nobis
421 580 495 642 adco
514 582 631 642 concilii
650 581 776 642 libertati
794 584 965 655 laventibus,
983 595 1017 642 ut
1033 584 1122 648 etim

91 669 129 728 de
148 668 236 728 rebus
250 665 312 728 sedi
331 668 509 748 spostolicae
528 669 645 747 proprie
663 670 818 728 reservatis
837 669 957 729 liberum
975 669 1029 748 ipsi
1049 688 1120 730 eou-

92 755 160 815 cilic
189 753 338 814 arbitrium
364 768 417 832 pcr
444 754 542 816 literas
565 752 602 813 ad
624 754 739 832 legatos
757 765 874 816 nocuos
896 756 1020 835 scriptae
1041 755 1119 818 ultro

91 840 320 921 permiserimus,
344 858 417 920 qnae
439 837 478 898 de
500 840 688 898 sacramentis
709 850 740 900 et
757 840 823 900 aliis
839 840 940 914 rebus,
965 859 1037 920 quse
1057 841 1120 920 qoi-

92 923 157 986 dem
176 925 359 986 necessariae
376 926 455 984 visne
473 926 539 998 siat,
558 923 719 996 tractanda,
738 923 901 986 delinienda
920 937 951 986 et
967 924 1120 988 statuenda

91 1011 256 1082 restabant,
279 1007 316 1070 ad
336 1009 524 1070 confutandas
546 1009 697 1084 haereses,
720 1011 757 1070 sd
779 1010 924 1071 tollendos
946 1012 1063 1084 ebusus,
1088 1023 1120 1072 et

91 1093 289 1158 emendandos
317 1115 425 1168 mores,
457 1116 475 1155 a
502 1107 688 1156 sacrosancte
714 1095 825 1176 synode
852 1117 960 1158 summa
983 1097 1117 1158 libertate
1238 1095 1240 1104 ’

92 1183 300 1262 diligentiaque
309 1191 434 1241 tractata
453 1192 483 1242 et
491 1193 627 1249 accurate
646 1202 681 1242 ac
700 1193 809 1243 mature
827 1181 979 1244 admodum
989 1182 1119 1254 definite,

91 1269 248 1348 explicate,
263 1278 369 1328 statute
385 1278 459 1327 sunt.
496 1267 603 1341 Quibus
617 1268 703 1328 rebus
717 1270 857 1348 perfectis
869 1270 1025 1330 concidunt
1039 1279 1119 1328 mata

91 1355 231 1426 omnium,
260 1356 307 1432 qni
333 1354 375 1412 illi
395 1354 606 1424 ,interfuerunt
635 1353 793 1414 concordia
819 1366 967 1435 peractum
990 1354 1059 1425 trie,
1087 1364 1119 1414 nt

91 1459 263 1501 consensum
290 1459 352 1499 eum
376 1439 461 1519 plane
488 1438 648 1499 succiso
676 1439 812 1500 effectum
833 1443 920 1502 luisse
945 1441 1118 1511 constiterit,

90 1526 178 1606 idque
202 1527 231 1584 in
254 1526 358 1585 nostris
387 1536 471 1604 atque
494 1527 617 1585 omnium
641 1526 734 1585 oculis
758 1525 842 1586 valde
865 1527 996 1586 mirabile
1018 1525 1118 1584 luerit.

90 1612 149 1671 Pro
173 1631 229 1691 quo
252 1621 308 1670 tam
331 1611 468 1689 singulari
495 1610 549 1672 llei
575 1629 692 1672 munere
720 1613 944 1692 supplicationes
970 1612 1065 1670 statim
1088 1611 1118 1668 in

93 1697 167 1756 ulma
186 1697 241 1757 bac
260 1695 337 1756 Urlte
356 1696 520 1770 indiximus,
545 1715 616 1776 quae
635 1716 738 1775 magna
756 1697 828 1756 cleri
847 1707 877 1758 ct
893 1697 992 1776 populi
1009 1695 1117 1776 pietate

90 1783 259 1844 celebratae
275 1783 399 1855 luerunt,
418 1781 572 1862 laudesque
592 1792 622 1842 et
639 1783 747 1860 palies
765 1781 880 1842 divinae
897 1782 1040 1842 miseni
1057 1801 1119 1841 me·

88 1871 148 1928 rito
172 1863 377 1948 persolvendos
405 1869 577 1938 curavimus,
605 1885 688 1948 quum
712 1866 851 1927 eiusmodi
880 1868 997 1928 concilii
1024 1870 1117 1928 unitus

89 1973 171 2039 spem
190 1973 320 2038 maguam
342 1965 373 2013 et
394 1973 485 2034 prope
504 1963 612 2013 certum
636 1953 778 2024 atmlcrlt,
798 1953 877 2025 lore,
895 1963 928 2012 ut
944 1953 1069 2012 maiores
1086 1954 1117 2011 in

90 2040 154 2100 dies
173 2040 283 2099 iructus
301 2039 337 2098 ad
348 2040 501 2102 ecclesiam
520 2039 662 2118 exipsius
681 2037 807 2100 decretis
825 2049 856 2098 et
865 2037 1117 2098 constitutionibus

88 2128 270 2207 perveniant.
316 2125 406 2199 Quum
430 2135 523 2185 autem
546 2127 608 2204 ipsa
630 2134 730 2184 saneta
752 2123 878 2204 synodus
895 2144 950 2204 pro
975 2143 1028 2183 sue
1042 2141 1117 2202 erge

89 2212 190 2272 sedem
208 2211 396 2291 apostolicam
415 2212 591 2282 reverentia,
615 2210 794 2290 antiquorum
817 2211 903 2270 etiam
927 2210 1116 2272 conciliarum

88 2299 222 2376 vestigiis
235 2297 408 2368 inhaerens,
433 2295 616 2358 decretorum
634 2314 748 2356 suorum
767 2293 906 2368 omnium,
923 2315 996 2376 spese
1015 2305 1115 2354 nostro

89 2396 121 2444 et
138 2382 395 2463 praedecessorum
409 2393 570 2442 nostrorum
585 2393 715 2462 tempore
733 2383 813 2442 laeta
829 2393 903 2454 sunt,
921 2381 1116 2442 scamma·-

87 2468 297 2529 remanebis
319 2469 450 2548 petierit,
479 2467 599 2528 decreto
622 2466 659 2528 de
682 2487 718 2528 ea
740 2487 774 2529 re
796 2469 825 2528 in
847 2468 964 2548 publice
986 2468 1116 2528 sessione

88 2557 186 2626 iacto,
209 2553 285 2626 Nos,
310 2574 348 2613 cx
369 2553 530 2634 legatorum
552 2555 645 2614 literis
667 2556 761 2633 prins,
784 2553 890 2624 deinde
906 2565 975 2634 post
991 2547 1167 2620 ecditnnc'ns

88 2659 191 2700 corum
209 2641 309 2712 exiis,
329 2657 401 2720 quae
411 2638 514 2721 synodi
533 2639 812 2719 nomiuediligenter
828 2642 998 2712 retulerunt,
1016 2649 1116 2720 postn-

88 2727 306 2805 lationeipsius
324 2726 427 2806 synodi
447 2727 579 2806 cognita,
598 2725 695 2784 babila
714 2726 872 2804 superbae
891 2746 926 2787 re
941 2745 1008 2788 enm
1025 2745 1115 2786 rene·

87 2812 229 2872 rabilibus
251 2813 388 2880 iratribus
411 2813 516 2872 nostris
539 2821 656 2872 sanctae
680 2809 825 2870 Romanae
848 2813 995 2872 ccclesiae
1016 2811 1115 2871 cardi-

87 2899 201 2958 nalibus
230 2897 438 2958 deliberatione
469 2907 592 2969 matura,
629 2898 777 2976 sanctique
809 2893 932 2974 Spiritus
959 2897 989 2955 in
1015 2896 1115 2974 primis

87 2983 198 3044 auxilio
217 2983 361 3057 invocato,
382 3003 465 3064 quum
479 3003 523 3047 ,ea
541 2983 661 3045 decreta
683 2984 778 3042 omnia
797 2982 941 3042 catholice
959 2992 991 3045 ut
1006 2981 1114 3061 populo

88 3070 255 3129 Christiano
272 3070 354 3128 utilia
372 3089 406 3130 ec
426 3069 562 3130 salutaria
579 3087 644 3130 esse
663 3068 906 3147 cognovissemus,
924 3066 961 3129 ed
980 3066 1035 3127 liei
1054 3087 1115 3126 om«

86 3157 245 3234 nipotentis
263 3154 375 3216 laudem
394 3155 430 3216 de
450 3154 605 3217 eorundem
623 3157 742 3220 fratrum
760 3165 924 3214 nostrornm
943 3154 1065 3214 consilio
1084 3163 1116 3212 et

86 3260 207 3301 assensu
230 3243 259 3300 iu
282 3243 456 3302 consistorio
485 3253 584 3301 nostro
608 3252 723 3302 secreto
750 3240 801 3301 illa
827 3243 923 3302 omnis
949 3250 981 3300 et
1002 3239 1115 3317 singola

86 3329 262 3386 anctoritate
291 3327 453 3406 apostolica
482 3325 568 3387 bodie
597 3327 833 3400 confirmavimus,
862 3337 893 3386 et
920 3325 956 3384 ale
984 3324 1114 3384 ommim

86 3411 196 3472 Cbristi
224 3411 358 3473 fidelibus
386 3412 569 3494 suscipienda
600 3432 634 3472 ac
663 3411 803 3473 servanda
830 3431 897 3477 esse
922 3409 1113 3480 decrevimus,

85 3500 162 3558 sicul
183 3499 284 3559 berum
312 3519 425 3579 quoque
448 3501 594 3558 literarum
618 3509 720 3558 tenore
747 3497 785 3558 ad
812 3499 967 3558 clariorem
988 3497 1114 3556 unbem

84 3585 217 3644 notitiam
245 3585 461 3656 confirmemus,
492 3595 522 3644 ct
547 3584 653 3662 suscipi
681 3584 885 3664 observarique
918 3582 1112 3646 decernimus.

82 3669 253 3732 Mandemus
268 3681 363 3732 autem
381 3673 411 3730 in
422 3671 528 3730 virtute
547 3679 664 3730 sanctam
683 3667 876 3739 obedientiae,
896 3679 927 3729 et
942 3667 996 3729 sub
1010 3669 1113 3748 poenis

83 3761 100 3814 a
118 3759 212 3818 sacris
230 3757 388 3818 canonibus
407 3757 580 3829 constitutis,
599 3755 719 3836 aliisque
738 3755 927 3834 gravioribus,
947 3756 1033 3814 etiarn
1051 3753 1111 3834 pri·

82 3844 217 3916 ustionis,
236 3842 356 3904 arbitrio
376 3853 475 3905 nostro
486 3840 658 3922 infligendis,
676 3840 817 3901 universis
836 3851 866 3901 et
884 3841 1003 3918 singulis
1020 3857 1109 3899 vene-

83 3927 222 3990 rabilibus
235 3931 372 3990 iratribus
386 3932 501 4002 nostris,
516 3927 698 4010 patriarchis,
713 3927 949 4006 archiepiscopis,
964 3926 1110 4005 episcopis
