2654 4334
192 245 274 302 m
390 231 1008 308 consurrurronssunrrouns„
1115 261 1120 274 .

195 386 281 446 alium
305 380 395 456 (salva
418 375 530 457 quidem
554 373 630 436 sedis
657 374 836 454 apostolieae
862 375 1050 447 auctoritate)
1077 372 1223 431 converti:

196 490 249 530 nos
267 467 404 526 incuriam
424 473 454 522 et
472 463 588 522 abusum
602 457 762 520 huiusmodi
775 458 962 531 detestantes,
981 459 1036 518 hoe
1050 473 1142 518 ¹suero
1156 475 1224 516 eon·
1271 487 1273 492 .

128 623 135 632 ⁷
197 555 265 616 cilio
284 551 462 632 approbante
481 547 636 619 sancimus,
663 557 695 606 ut
711 546 746 616 ii,
768 544 806 604 ad
825 565 895 624 qnos
913 543 943 604 id
961 543 998 604 de
1016 546 1083 604 iure
1103 543 1152 604 vel
1170 553 1223 602 sta·

196 651 258 700 tuto
277 641 306 700 iu
325 641 448 717 ipsorum
471 632 638 699 fundatione
660 633 788 692 leeorum
811 632 953 711 apposito,
977 641 1026 690 aut
1044 647 1086 690 ex
1105 647 1225 688 eonsue-

109 751 115 755 ·
195 724 294 786 tudine
309 723 487 803 praescripta
497 720 633 798 legitime,
651 718 697 778 vel
711 716 862 797 privilegio
874 715 954 776 aedis
968 717 1154 798 apostolieae
1164 732 1226 796 per·

196 814 283 881 tinet,
306 811 372 869 loea
394 810 457 887 ipsa
479 802 611 864 studeant
633 805 662 862 iu
678 801 837 882 praedietis
856 804 985 863 omuibus
1003 803 1167 862 salubriter
1182 819 1226 860 re·

135 915 185 962 ‘sao
198 899 333 966 femare,
353 911 388 952 ae
407 901 557 970 occupata,
577 887 727 968 deperdita
745 899 775 948 et
792 889 917 951 alienata
931 887 1065 950 indebite
1081 891 1112 950 in
1128 897 1226 946 statum
1294 897 1295 940 t

198 981 300 1044 redum
318 979 443 1039 debitum
462 978 583 1046 meunt,
611 985 642 1034 et
662 973 702 1034 ad
724 977 848 1054 ipsuum
864 975 1069 1034 miserabilium
1090 988 1226 1053 persona·

197 1087 261 1130 rum
278 1065 475 1144 receptionem
493 1072 525 1120 et
541 1062 776 1120 sustentationem
795 1059 920 1120 debitam
935 1062 1012 1120 iuxta
1027 1061 1186 1119 inanitates
1199 1067 1227 1114 et

93 1153 97 1164 “
197 1161 354 1235 proventus
367 1151 497 1208 loeoruu
512 1148 636 1225 ipsorum
650 1156 783 1206 rectores
797 1143 961 1226 praedictos
977 1143 1159 1226 compellere
1173 1159 1225 1201 nor

95 1259 103 1266 ·
154 1290 160 1306 s
199 1239 340 1298 omittant.
376 1231 408 1292 ln
431 1253 486 1312 quo
504 1235 529 1291 si
548 1231 623 1294 forte
643 1233 838 1292 commiserint
856 1229 1063 1310 negligentiam
1083 1231 1131 1290 vel
1151 1227 1226 1292 deie-

200 1336 285 1394 etum,
305 1318 458 1379 ordinariis
476 1319 604 1377 lenonum
618 1319 798 1396 iniungimus,
817 1327 856 1390 ut,
876 1318 988 1377 etiamsi
1002 1320 1050 1398 pia
1067 1318 1227 1394 loeapraa·

179 1408 277 1476 ,dieta
295 1405 486 1484 exemptionis
508 1403 659 1483 privilegio
682 1413 788 1462 muurta
811 1405 984 1475 consistant,
1011 1423 1067 1483 per
1094 1420 1127 1462 se
1154 1402 1225 1480 ipsos

197 1495 244 1555 vel
269 1493 344 1551 alios
370 1490 507 1569 impleant
533 1486 628 1548 omnia
649 1489 805 1567 praemissa
831 1499 862 1548 et
888 1489 1012 1568 singula,
1039 1499 1072 1548 et
1100 1495 1226 1547 rectores

58 1633 61 1641 i
199 1577 318 1642 eosdem
335 1579 433 1657 atique
452 1593 508 1634 non
527 1584 675 1653 exemptos
692 1576 823 1654 propria,
852 1585 1000 1654 exemptos
1017 1590 1090 1634 vero
1110 1583 1141 1632 et
1158 1569 1224 1630 alios

101 1729 106 1742 ¹
198 1665 397 1746 privilegiatos
415 1660 576 1740 apostoliea
593 1658 629 1718 ad
648 1657 676 1718 id
699 1662 872 1720 auctor-itate
895 1660 1085 1739 compellaat3
1115 1666 1225 1718 eontra·

144 1763 145 1772 ’
200 1749 338 1820 amores,
359 1749 550 1826 eumaeumque
564 1755 655 1804 status
669 1756 718 1804 aut
732 1745 905 1806 cunittonis
914 1747 1065 1817 exsistant,
1083 1755 1134 1804 ant
1147 1757 1224 1823 prae·

146 1891 154 1908 ,
200 1837 303 1895 bontas
317 1831 424 1893 eisdem
439 1833 519 1891 eirea
532 1832 688 1911 praemisit
703 1833 861 1902 consilinm,
880 1831 1014 1891 auxilium
1027 1832 1076 1891 vel
1091 1831 1223 1895 favorem,

98 1925 100 1934 ’
200 1937 255 2002 per
264 1918 651 1980 uersurameeolesinstieam
662 1917 767 1976 etaliis
777 1919 845 1976 iuris
855 1915 990 1977 remediis
998 1911 1222 1997 compescenda

200 2003 307 2070 nullum
321 2015 417 2065 tamen
431 2021 484 2083 per
495 2003 552 2062 boe
563 2003 794 2082 exemptionibus
807 2019 859 2062 sen
873 2004 1031 2083 privilegis
1045 2003 1118 2083 ipsis
1137 1993 1222 2079 quoad

201 2093 259 2152 alia
277 2087 482 2170 praeiudicium
500 2087 678 2166 germundo.
716 2087 753 2147 Ut
772 2098 869 2150 ,autem
891 2091 1047 2168 praemissa
1071 2085 1222 2168 promptius

202 2178 405 2246 niterentur,
429 2171 521 2233 nuilus
540 2191 580 2232 ex
602 2175 674 2234 locis
696 2176 765 2253 ipsis
782 2175 977 2234 saecularibus
997 2175 1115 2234 clericis
1133 2173 1161 2230 in
1177 2169 1222 2227 be·

201 2261 335 2322 aeficium
354 2261 534 2330 conferatur,
556 2262 668 2319 etiami
683 2258 722 2320 de
741 2259 947 2320 consuetudine
972 2267 1065 2340 (quam
1091 2251 1222 2337 reproba·

142 2406 149 2418 Ι
201 2363 263 2408 mus
279 2347 406 2426 penitus)
425 2346 481 2404 boe
498 2345 587 2404 tuerit
605 2345 794 2418 observatum,
810 2347 867 2405 uisi
880 2347 911 2404 in
928 2345 1041 2406 illornnr
1060 2341 1219 2405 fundatione

179 2449 182 2456 ’
201 2451 286 2492 seeas
304 2433 393 2490 luerit
411 2431 603 2500 constitutum,
622 2449 673 2489 seu
690 2447 744 2508 per
761 2432 932 2491 electionem
946 2433 984 2490 sit
998 2430 1034 2490 de
1049 2441 1167 2491 rectore
1184 2425 1221 2482 lo·

202 2520 244 2576 eis
262 2512 421 2575 huiusmodi
440 2512 652 2593 providendum.
691 2513 749 2574 Sed
768 2535 867 2575 eorum
885 2517 1057 2596 gubernatio
1074 2517 1145 2576 viris
1161 2527 1220 2592 pto·

201 2601 285 2673 vidis,
304 2599 417 2661 idoneis
432 2609 462 2658 et
475 2600 544 2659 boni
563 2601 718 2659 testimonii
733 2604 934 2674 committatur,
954 2605 1001 2682 qui
1019 2604 1123 2674 sciant,
1141 2596 1220 2658 velint

152 2703 154 2711 ·
203 2697 234 2748 et
252 2687 367 2746 valeant
383 2684 451 2744 laea
469 2687 544 2764 ipsa,
571 2686 648 2744 boun
670 2703 768 2746 eornm
791 2703 827 2746 ae
845 2689 908 2747 iura
925 2685 1035 2748 utiliter
1052 2704 1170 2767 regere,
1195 2687 1220 2736 ei

202 2793 302 2834 eorum
321 2780 476 2852 proventus
499 2781 529 2830 et
551 2769 659 2834 reditus
677 2774 706 2832 iu
723 2791 910 2852 personarum
927 2793 1007 2832 usum
1025 2769 1218 2834 miserabilium

202 2857 329 2920 lideliter
342 2855 519 2935 dispensare,
543 2867 573 2916 et
586 2876 656 2936 quos
675 2859 704 2918 iu
721 2878 788 2918 ¹ustis
806 2859 879 2920 alios
896 2859 972 2921 bona
990 2857 1140 2939 praedicta
1158 2869 1218 2913 con·

104 2965 109 2972 ’
200 2955 317 3004 vertere
327 2944 521 3024 praesumptio
531 2943 693 3002 verisimilis
707 2964 764 3002 uon
783 2946 916 3018 exsistat3
939 2947 968 3004 iu
987 2945 1088 3024 quibus
1106 2943 1155 3005 sub
1173 2936 1216 2995 οδ·

201 3032 357 3090 testatione
376 3025 464 3086 divini
486 3025 599 3100 iudicii,
627 3029 753 3100 illorum,
781 3023 817 3088 ad
841 3049 911 3114 quos
934 3023 1075 3092 dictorum
1098 3031 1216 3088 lotorum

202 3115 363 3174 commissio
383 3115 516 3192 pertinet,
541 3114 732 3172 conscientias
752 3132 911 3174 oneramus.
949 3113 993 3174 Illi
1011 3119 1108 3187 etiam,
1128 3108 1215 3194 quibus

201 3197 343 3260 dierorum
370 3195 499 3257 iocorum
526 3198 696 3276 gubernatio
724 3216 774 3260 seu
797 3198 1003 3262 administratio
1024 3201 1213 3260 committetur,

201 3283 238 3344 ad
255 3287 347 3344 instar
364 3291 489 3345 tutorum
508 3294 537 3342 et
556 3294 719 3344 curatorum
736 3285 922 3346 iuramentum
945 3295 1109 3367 praestare,
1135 3301 1167 3342 aa
1184 3271 1214 3334 de

201 3371 331 3431 loeoruru
350 3370 474 3448 ipsorum
491 3369 575 3428 bonis
594 3371 752 3428 inventaria
771 3371 927 3444 conlisere,
947 3379 977 3431 et
995 3369 1153 3438 ordinariis,
1170 3379 1212 3424 seu

122 3459 128 3468 “
202 3455 275 3526 allis,
304 3453 404 3534 quibus
427 3453 544 3513 subsunt
566 3453 631 3513 loca
657 3451 827 3528 huiusmodi,
854 3457 900 3516 vel
928 3451 1097 3536 deputandis
1118 3453 1151 3515 ab
1169 3449 1212 3516 ais,

112 3617 114 3629 1
201 3537 283 3599 anuis
301 3539 420 3618 siugulis
439 3537 474 3596 de
493 3536 737 3599 administratione
756 3560 806 3602 sua
824 3545 977 3601 teneantur
994 3539 1117 3604 reddere
1135 3536 1211 3602 ratio·

95 3703 107 3716 ,
201 3637 275 3684 netu.
302 3621 386 3697 Quot
402 3625 519 3684 siseeus
537 3639 554 3682 a
573 3639 712 3706 quoquam
730 3621 817 3685 fuerit
834 3638 1013 3700 attentatum,
1033 3627 1210 3690 collationem.

148 3710 393 3788 mprovisiouem
416 3725 465 3766 seu
489 3705 697 3768 ordinationem
720 3713 807 3790 ipsam
832 3732 933 3778 earere
953 3711 1131 3774 deceruimus
1147 3699 1211 3768 omui

200 3792 308 3855 robore
327 3789 479 3852 firmitatis.
505 3791 664 3854 Praemissa
682 3813 752 3855 vero
772 3792 807 3855 ad
826 3797 978 3878 hospitalia
997 3787 1154 3858 militaridm
1171 3806 1210 3848 or·

106 3947 107 3952 ἵ
201 3875 297 3938 diuum
315 3885 365 3936 aut
382 3875 581 3952 religiosorum
596 3881 682 3938 etiam
696 3880 817 3941 aliorum
831 3880 947 3943 extendi
961 3887 1073 3944 minime
1087 3885 1210 3944 volumu-
