2654 4334
228 251 310 308 m
409 291 413 302 ,
432 244 809 304 consrtrurlonns
827 201 1049 317 tntttdtlhss.
1068 307 1071 312 ,

128 440 133 447 .
229 390 318 469 igitur
328 386 454 447 ecclesie
463 387 509 448 vel
519 385 748 446 ecclesiasticum
762 385 947 446 ministerium
962 387 1099 446 committi
1113 384 1252 460 debuerit,

229 475 295 534 talis
305 471 342 532 ad
356 473 411 532 hoc
426 490 551 552 persone
564 481 727 549 quaeratur,
747 490 820 550 quae
835 469 963 531 residere
977 473 1007 530 in
1021 472 1097 544 loco,
1119 484 1151 540 et
1163 493 1253 534 euram

230 563 291 620 eius
305 577 403 639 perse
418 559 508 638 ipsam
525 558 622 617 valeat
640 575 790 617 exercere.
819 555 926 630 Quodsi
944 558 1031 616 aliter
1048 567 1144 616 aetum
1163 559 1251 630 inerit,

230 657 260 707 et
279 647 325 726 qui
344 645 491 726 receperit
515 639 590 722 quod
614 653 715 702 contre
738 661 837 701 saeros
862 661 987 702 canones
1004 643 1121 721 accepit
1140 646 1253 716 amittat,

230 745 260 792 et
279 731 325 812 qui
344 729 458 790 dederit
476 726 618 807 largiendi
638 737 781 808 potestate
799 729 938 808 privetur.

588 880 829 940 ALEXANDER
849 880 902 940 lll.

228 989 270 1038 Ex
293 989 336 1038 lib.
359 990 401 1036 ΙΙΙ.
424 983 567 1047 verrent,
591 985 632 1034 tit.
658 985 770 1031 xnvln.
789 985 820 1031 de
838 985 957 1033 ecclesiis
975 985 1142 1034 aedificandis
1160 988 1200 1035 vel
1217 999 1253 1034 re·

638 1069 767 1131 perendie,
787 1085 809 1116 e.
828 1071 852 1117 3.

548 1147 622 1203 (Sere.
633 1148 703 1192 nt.
714 1150 743 1194 de
753 1148 942 1205 reform,cep.t.)

314 1239 360 1301 Ad
379 1238 552 1300 audientiam
576 1251 700 1300 nostram
730 1243 844 1300 noveris
871 1243 1052 1320 pervenisse,
1082 1241 1161 1321 quod
1186 1243 1252 1311 villa,

230 1349 301 1409 quac
330 1327 435 1386 dicitur
460 1325 512 1398 ll.,
542 1335 649 1385 tantum
680 1327 848 1406 perhibetur
878 1327 914 1387 ab
943 1328 1069 1388 eeclesia
1101 1325 1253 1406 parochiali

229 1415 347 1485 distare,
366 1422 397 1470 ut
413 1422 542 1491 tempore
557 1411 681 1483 hiemali,
701 1431 784 1491 quum
795 1412 907 1491 pluviae
917 1411 1062 1484 inundant,
1080 1414 1252 1493 nonpossint

177 1523 217 1565 oea
229 1498 400 1581 parochiani
410 1499 471 1556 sine
487 1517 588 1576 magna
603 1494 769 1557 difficultate
783 1499 872 1577 ipsam
887 1497 982 1571 adire3
1001 1497 1077 1558 unde
1093 1519 1153 1557 nou
1168 1499 1253 1558 valent

230 1604 360 1666 congruo
380 1595 510 1662 tempore
530 1582 738 1642 ecclesiasticis
756 1583 897 1644 interesse
917 1584 1026 1644 officiis.
1077 1584 1152 1657 Quia
1176 1584 1253 1661 igitur

229 1673 308 1733 dieta
332 1670 458 1731 ecclesia
481 1669 522 1728 ita
546 1667 652 1727 dieitur
674 1666 813 1728 reditibus
837 1668 997 1741 abundare,
1025 1669 1119 1749 quod,
1147 1679 1252 1749 praeter

230 1760 306 1819 illins
323 1756 408 1815 villae
427 1765 592 1834 proventus,
613 1755 743 1814 minister
755 1754 831 1814 illius
845 1757 1053 1816 convenienter
1060 1757 1143 1816 valet
1152 1765 1251 1815 susten·

230 1844 367 1904 tationem
391 1841 514 1912 hahere,
542 1838 720 1913 mandamus,
749 1851 901 1919 quatenus,
925 1842 950 1900 si
972 1841 1020 1901 ies
1043 1843 1085 1900 ita
1109 1861 1142 1901 sc
1165 1840 1249 1908 habet,

230 1930 384 1991 eeclesiam
402 1925 442 1987 ibi
461 1925 609 1997 aedifices,
634 1937 663 1986 et
681 1927 709 1985 in
728 1945 763 1986 ca
782 1925 977 1999 sacerdotem,
1001 1926 1116 1985 sublato
1135 1925 1251 2006 appella·
1300 1961 1301 2004 4

229 2017 315 2076 tionis
334 2012 493 2084 obstaculo,
513 2010 549 2072 od
567 2013 830 2091 praesentationem
846 2015 970 2072 rectoris
985 2013 1131 2072 ecclesiae
1147 2011 1249 2072 maioris
1300 2009 1301 2016 ’

230 2123 293 2162 curn
317 2099 457 2159 canonico
481 2096 641 2156 fundatoris
659 2117 776 2157 assensu
795 2098 938 2168 instituas,
962 2097 1000 2158 ad
1022 2100 1250 2157 sustentationem

230 2207 308 2246 suam
332 2182 459 2244 eiusdem
482 2183 567 2242 villae
591 2183 779 2243 obventiones
802 2183 1017 2244 ecclesiastices
1041 2195 1247 2263 percepturum

230 2269 383 2353 providens
402 2280 506 2340 tamen,
527 2279 557 2328 ut
576 2280 741 2348 competens
760 2271 789 2327 in
808 2288 843 2328 ea
862 2269 954 2329 honor
972 2290 1024 2348 pro
1044 2271 1183 2330 facultate
1201 2265 1248 2326 loci

230 2358 342 2417 matrici
361 2347 500 2426 servetui,
526 2351 601 2433 quod
620 2353 732 2433 quidem
752 2354 815 2413 lieri
834 2375 918 2434 posse
937 2353 1060 2427 iidetnr,
1080 2375 1166 2435 quum
1184 2355 1248 2413 eins-

231 2443 294 2502 dem
317 2441 402 2501 villae
426 2439 557 2499 dominus
582 2441 685 2517 viginti
712 2459 795 2500 acras
822 2450 918 2500 terrae
947 2442 1104 2520 frugiferae
1135 2440 1202 2502 velit
1220 2433 1249 2494 ad

230 2547 296 2588 usus
315 2524 476 2584 sacerdotis
496 2525 640 2584 conferre.
687 2523 718 2584 Si
737 2545 806 2584 vero
825 2545 948 2604 persona
969 2528 1097 2586 matricis
1117 2525 1248 2587 ecclesiae

229 2615 321 2672 virum
340 2609 474 2670 idoneum
493 2619 679 2688 praesentare
699 2609 856 2683 distulerit,
880 2613 926 2671 vel
950 2633 1020 2693 opus
1044 2611 1113 2670 illud
1138 2608 1248 2672 voluerit
1299 2659 1300 2670 ,

231 2696 385 2778 impedire,
410 2706 440 2754 tn
459 2695 640 2755 nibilominus
668 2696 758 2756 iacias
786 2695 861 2756 idem
889 2717 959 2776 opus
987 2698 1023 2757 ad
1050 2698 1248 2776 perfectiorem
1299 2679 1300 2700 ¹

231 2783 344 2856 deduci,
364 2783 501 2842 elvirum
520 2780 634 2852 honum,
658 2783 860 2862 appellationis
879 2794 1010 2844 cessante
1030 2782 1162 2861 diffugio,
1179 2779 1247 2839 insti·

229 2882 311 2932 tuere
332 2889 387 2928 non
407 2867 530 2928 omittas.

579 3021 810 3084 uonlnncnls
829 3022 910 3083 Vlll.

307 3125 349 3174 Ex
368 3129 451 3176 Sexto
469 3125 644 3174 Decretelium
663 3126 707 3174 lib.
727 3129 753 3188 1.,
772 3126 810 3173 tit.
828 3129 870 3174 lll.
889 3132 920 3175 de
938 3127 1079 3186 rescriptis,
1099 3141 1121 3175 c.
1142 3128 1181 3172 tt.

534 3208 543 3256 l
546 3203 611 3249 Sese,
621 3204 699 3248 XXV.
710 3206 739 3248 de
750 3205 843 3249 reform.
854 3219 905 3263 eep.
916 3210 958 3258 to.)

312 3294 473 3368 ¹statutum,
501 3295 576 3376 qnod
605 3297 683 3356 circa
711 3295 822 3358 iudices
845 3296 954 3358 assde
980 3297 1141 3377 apostolica
1168 3293 1243 3370 depo·

230 3381 334 3444 modos
352 3402 443 3462 nuper
461 3380 614 3454 edidimus,
638 3373 720 3462 duom
745 3382 884 3462 quaedam
908 3393 1044 3445 contenta
1061 3384 1091 3441 in
1109 3401 1159 3452 eo,
1182 3392 1241 3456 quat

229 3488 282 3546 pro
302 3469 443 3528 communi
461 3469 586 3527 utilitate
605 3467 798 3528 credebantur
827 3467 943 3530 inducta
974 3470 1061 3543 (sicut
1079 3461 1242 3546 experientia
1298 3501 1299 3526 ,

230 3551 352 3628 docuit),
371 3552 492 3613 tendere
511 3552 717 3631 dignoscantur
735 3554 770 3613 ad
790 3574 905 3627 noxam,
929 3557 1077 3616 sanctione
1101 3544 1239 3632 praesenti,

230 3657 314 3719 qnam
337 3635 579 3716 irrefragabiliter
601 3638 749 3699 observari
772 3639 949 3713 mandamus,
973 3636 1110 3700 suadente
1134 3636 1241 3697 utilitate

229 3725 260 3781 in
278 3723 379 3780 melius
401 3721 530 3782 duximus
552 3725 773 3785 reformandum.
823 3723 972 3786 Saucimns
990 3727 1091 3805 igitur,
1115 3733 1145 3782 nt
1160 3716 1239 3782 nullis,

232 3807 286 3866 nisi
297 3805 436 3884 dignitate
447 3806 594 3884 praeditis,
613 3821 662 3870 aut
674 3821 857 3889 personatum
873 3812 1075 3881 obtinentibus,
1094 3829 1143 3869 seu
1157 3800 1239 3866 eccle·

230 3893 335 3950 siarum
360 3888 565 3951 cathedralium
589 3897 750 3969 canonicis,
779 3916 881 3956 causae
910 3899 1082 3957 auctoritate
1110 3896 1239 3954 literarum
