2654 4330
200 266 272 332 'rte
393 207 646 325 sassie-xxv.
679 263 736 318 ns
753 262 918 322 naemu
936 227 1036 317 uos.

201 423 252 474 aut
273 406 396 472 facultas
418 407 455 470 ab
477 403 541 469 aliis
563 401 649 489 snper
671 407 707 466 iis
726 401 847 466 'obtenta
868 394 1050 484 suffragetis.
1078 399 1227 477 ‘Quodsi

149 509 151 516 ’
201 509 304 559 cauma
320 497 435 568 fecerit,
453 505 586 575 unquam
605 490 773 554 inobediens
787 491 1227 572 arbitriosuperier'npuaiatur.

201 583 266 644 Nee
293 585 382 644 licoat
406 577 589 662 regularibus
614 597 632 639 a
658 580 716 638 suis
742 576 929 638 conventibus
955 574 1110 646 recedere,
1139 576 1227 634 etiam

200 678 354 751 praetextu
380 667 416 727 ad
434 667 598 746 superiores
615 681 683 724 suos
699 661 874 733 accedendi,
893 662 947 721 uisi
964 661 1001 742 ab
1020 659 1128 721 eedem
1146 660 1226 720 mimi

201 765 251 818 aut
267 755 363 815 vocati
381 753 497 812 inerint.
542 751 595 825 Qui
611 768 682 810 vero
700 750 762 808 sine
779 746 936 827 praedicto·
947 745 1080 806 mandate
1103 748 1133 805 in
1149 747 1226 806 seri·

200 841 258 920 ptis
282 841 400 900 obtento
422 847 555 917 repertus
575 836 677 906 merit,
704 835 740 894 ab
763 833 916 892 ordinariis
935 833 1066 892 locorum
1090 841 1227 912 maenam

201 923 335 985 desertor
353 925 396 983 sui
410 923 531 982 instituti
544 922 687 1001 puniatur.
725 917 769 978 illi
783 928 887 988 autern,
903 920 954 998 vqui
968 917 1124 978 studiorum
1138 933 1229 976 eausa

200 1009 238 1070 ad
265 1010 467 1070 universitates
492 1007 653 1078 mittuntur,
680 1006 710 1064 iu
738 1003 925 1064 neumatibus
951 1014 1058 1064 nutum
1080 1001 1228 1075 habitentp

202 1096 328 1176 alioquin
345 1093 384 1152 ab
401 1087 554 1152 ordinariis
573 1101 675 1152 eonma
693 1107 745 1150 eos
762 1087 946 1170 procedatur.

202 1253 229 1300 G.
249 1251 277 1296 V.
316 1249 461 1296 clausurae
483 1248 645 1310 mom’atlum,
668 1246 827 1360 prepeeorllm
846 1257 916 1309 quae
936 1251 1018 1292 ostra
1040 1245 1114 1312 ardea
1130 1249 1227 1306 quat,

217 1319 223 1328 “
628 1317 708 1376 provi
723 1321 789 1361 elur.

149 1431 189 1474 m
287 1399 431 1461 Bonifatii
454 1401 550 1460 octavi
568 1399 853 1478 constitutioneml),
873 1417 946 1479 quae
963 1397 1079 1477 incipit:
1102 1399 1228 1457 Pericu-

202 1489 280 1559 losa,
307 1505 451 1546 renovans
476 1495 577 1546 sancta
603 1482 728 1565 synodus
754 1485 893 1546 universis
921 1484 1064 1564 episcopis
1094 1481 1145 1544 sub
1174 1482 1229 1541 ob-

202 1575 356 1633 testatione
371 1570 459 1635 divini
472 1568 571 1631 iudicii
585 1581 615 1630 et
628 1570 858 1636 interminatione
868 1569 1077 1632 maledictionis
1087 1579 1228 1628 aeternnae

157 1693 168 1710 x
201 1660 357 1738 praecipit,
381 1669 412 1718 ut
434 1659 463 1718 in
486 1657 615 1718 omnibus
637 1656 817 1716 monasteriis
839 1657 893 1716 sibi
911 1655 1047 1716 subiectis
1069 1653 1227 1724 ordinaria,

10 1809 19 1818 ,
111 1807 115 1812 ,
200 1747 230 1806 in
248 1744 311 1804 aliis
329 1763 399 1803 uero
423 1740 500 1804 sedis
523 1741 701 1824 apostolicae
723 1742 912 1814 auctoritate,
934 1742 1095 1801 clausuram
1118 1740 1229 1799 saneti-

201 1830 380 1902 monialium,
398 1828 447 1888 ubi
464 1828 573 1889 violata
588 1828 686 1902 fuerit,
704 1826 862 1906 diligenter
879 1827 1001 1899 rcstitui,
1021 1837 1052 1888 et
1067 1824 1114 1884 ubi
1134 1825 1229 1884 invio·

201 1915 261 1976 lata
287 1925 344 1987 est,
373 1915 539 1976 conservari
567 1915 688 1976 maxime
716 1923 886 1994 procurent,
913 1907 1113 1973 inobedientes
1138 1922 1228 1990 atque

201 2000 436 2065 contradictores
462 2020 516 2080 per
543 2019 679 2062 censuras
706 2000 922 2060 ecclesiasticas
948 1998 1074 2079 aliasque
1105 2015 1227 2079 poenas,

124 2113 126 2124 *
200 2107 369 2167 quacunque
397 2087 590 2166 appellatione
622 2086 795 2165 postposita,
828 2095 1057 2165 compescentes,
1090 2083 1228 2142 invocato
1325 2131 1326 2162 ζ

201 2174 287 2233 ctiam
306 2171 342 2235 ad
360 2173 425 2244 hoe,
445 2173 469 2230 si
488 2191 558 2252 opus
576 2172 672 2242 fuerit,
691 2170 797 2230 auxilio
815 2170 926 2230 brachii
944 2170 1109 2230 saecularis.
1143 2165 1228 2242 Quod

199 2259 338 2318 auxilinm
358 2267 390 2316 ut
406 2256 595 2337 praebeatur,
619 2275 717 2316 ornnes
737 2255 914 2317 Christianos
932 2257 1081 2337 principes·
1094 2255 1230 2315 bortatur

200 2349 301 2408 sancta
318 2341 458 2423 synodus,
486 2353 517 2401 et
539 2343 590 2403 sub
615 2342 920 2403 excommunicationis
941 2361 1038 2422 poena
1060 2343 1123 2422 ipso
1147 2335 1227 2400 facto

200 2427 375 2490 incurrenda
398 2426 527 2487 omuibus
550 2427 762 2506 magistratibus
784 2426 983 2487 saecularibus·
997 2421 1128 2506 iniungit.
1165 2425 1228 2486 Ne·

200 2515 270 2572 mini
292 2523 387 2572 autem
405 2513 663 2572 sanctimonialium
686 2513 776 2573 liceat
792 2523 858 2594 post
875 2513 1084 2593 professionem
1109 2513 1191 2576 exire
1211 2533 1229 2570 a

200 2599 428 2672 monasteri02),
457 2599 543 2658 etiam
566 2596 603 2658 ad
620 2597 708 2658 breve
728 2608 852 2678 tempus,
875 2617 1043 2678 quocunque
1060 2608 1227 2678 praetextu,

200 2685 256 2745 nisi
274 2703 311 2744 ex
327 2684 424 2763 aliqua
438 2684 569 2763 legitima
587 2703 674 2744 causa
692 2683 728 2743 ab
744 2685 880 2764 episcopo
896 2679 1090 2764 approbanda,
1109 2681 1228 2743 indultis

200 2770 414 2851 quibuscunque
437 2781 468 2830 ot
488 2771 646 2850 privilegiis
668 2788 725 2830 non
750 2770 937 2832 obstantibus.
993 2769 1108 2848 ingredi
1131 2781 1228 2830 autem

199 2858 275 2918 intra
293 2867 374 2937 septa
397 2858 564 2917 monasterii
587 2856 692 2916 nemini
715 2856 856 2930 lineam),
884 2858 1074 2936 cuiuscunque
1099 2857 1227 2936 generis,

200 2954 250 3002 aut
277 2941 465 3014 conditionis,
494 2961 579 3002 sexus
605 2943 652 3002 vel
678 2943 782 3002 aetatis
808 2941 909 3014 fuerit,
939 2942 999 3001 siue
1027 2940 1158 3023 episcopi
1180 2939 1228 3001 vel

200 3029 357 3110 superioris
380 3029 499 3089 licentia
517 3029 547 3088 ia
565 3029 680 3109 scriptis
700 3026 832 3100 obtenta,
852 3026 903 3086 sub
922 3027 1228 3088 excommunicationis

199 3133 294 3193 poena
312 3116 374 3193 ipso
398 3115 477 3175 facte
496 3109 679 3174 incurrendo.
724 3111 801 3174 Dare
824 3123 919 3173 autem
942 3123 1049 3174 tantumn
1073 3113 1228 3192 episeopus

198 3200 246 3259 vel
273 3202 406 3279 superior
432 3201 577 3272 licentiam
602 3199 690 3259 debet
721 3201 751 3258 iu
777 3198 891 3260 casibus
917 3199 1104 3271 necessariis,
1132 3217 1228 3278 neque

200 3286 272 3346 alius
297 3287 355 3349 nilo
383 3284 469 3347 modo
492 3287 595 3364 possit,
629 3287 714 3346 etiam
737 3287 839 3366 vigore
863 3285 1054 3366 cuiuscunque
1078 3285 1228 3346 facultatis

201 3373 248 3432 vel
266 3371 369 3431 indulti
386 3371 525 3433 lactem
545 3373 676 3432 concessi
694 3373 740 3434 vel
758 3371 788 3432 in
805 3381 951 3452 posterum
971 3369 1161 3433 concedendi.
1189 3369 1229 3430 Et

202 3459 268 3535 quia
289 3459 465 3518 monasteria
487 3449 744 3518 sanctimonialium
767 3468 850 3517 extra
873 3460 988 3518 moenia
1011 3456 1090 3518 urbis
1108 3457 1155 3518 vel
1175 3475 1228 3535 op·

199 3541 261 3620 pidi
280 3544 435 3603 constituta
451 3544 590 3604 malorum
608 3544 750 3604 hominum
769 3541 895 3623 praedae
919 3554 949 3603 et
966 3544 1030 3605 aliis
1047 3540 1227 3604 facinoribus

199 3627 260 3686 sine
279 3627 337 3687 ulla
355 3647 441 3708 saepe
461 3628 592 3690 custodia
610 3639 675 3688 sunt
692 3630 836 3710 exposita,
862 3639 963 3689 curent
980 3629 1108 3708 episcopi
1127 3639 1158 3688 ot
1176 3626 1227 3687 alii

234 3851 236 3856 ’
249 3843 327 3909 Seps.
342 3841 420 3888 XXV.
448 3847 471 3900 1)
485 3847 667 3893 euadentem
679 3846 755 3903 regul.
764 3847 790 3892 in
798 3847 858 3892 Vfta
869 3846 914 3891 111.
925 3849 957 3892 16.
972 3845 1061 3892 etinir.
1075 3846 1139 3890 inter
1148 3849 1225 3890 const.

196 3905 227 3936 ex
235 3898 283 3937 ent.
293 3908 345 3939 sure
355 3895 473 3952 desumpt.
483 3907 526 3951 por
536 3912 599 3944 conc.
607 3899 675 3944 Trid.
682 3901 842 3943 inuentae-
864 3903 886 3952 2)
897 3898 928 3943 ef.
938 3900 978 3944 eit.
989 3913 1039 3957 cap.
1049 3897 1226 3944 laudalite-

195 3948 218 3997 Ι)
234 3945 265 3989 cf.
276 3959 296 3990 e.
307 3947 326 3990 8.
339 3944 368 3990 do
379 3947 420 3990 rit.
432 3951 456 3990 et
465 3945 518 3991 bun.
529 3948 586 3994 cler.
597 3949 643 3995 111.
654 3951 673 3992 l.
684 3955 759 4005 (eone.
770 3951 822 3994 Lat.
832 3948 891 4005 111.)
