2654 4334
249 252 332 310 PER
351 251 516 308 CONClL.
535 251 651 344 Tull).
668 252 927 308 lNltovn'rnu.
1027 259 1108 338 ...²

60 396 168 454 saneti
181 391 306 473 Spiritus
318 396 540 473 praeparatione
555 395 712 466 coustituit,
735 412 773 458 ex
787 414 841 474 qua
857 401 972 454 carnem
986 401 1106 458 nostrae

62 480 260 542 mortalitatis
277 499 330 558 pro
349 479 546 559 redemptione
568 481 666 560 populi
689 481 732 540 sui
754 489 921 553 assumeret,
949 492 979 542 et
1005 483 1105 544 imma·

63 567 173 628 calata
190 563 284 642 Virgo
302 564 484 626 nibilominus
510 577 577 645 post
604 577 715 644 partum
741 571 927 640 remaneret)
955 565 992 626 de
1015 569 1106 646 ipsine

59 651 275 713 immaculatae
297 649 426 728 Virginis
449 653 521 711 mira
544 653 735 730 conceptione
758 651 867 728 gratias
885 662 915 710 ct
933 651 1032 712 laudes
1054 659 1106 714 re'·

62 739 180 808 ferant,
200 747 231 796 et
248 737 378 796 instituta
394 739 551 816 propterea
567 738 597 797 iu
616 735 804 797 ecclesiallei
818 737 918 796 missas
937 738 1041 798 etalio
1059 737 1106 798 di·

62 825 140 884 vina
160 822 259 882 oibeia
276 819 389 892 dicant,
417 832 448 882 et
465 823 521 882 illis
539 823 685 892 intersint,
713 820 898 900 indulgentiis
911 829 947 883 'et
964 834 1108 902 peccato·-
1212 847 1219 854 ·

64 927 135 968 rum
153 907 371 966 remissionibus
392 909 528 978 invitare,
556 919 588 966 ut
610 907 714 967 exinde
738 908 807 966 liant
829 907 955 968 ciusdem
973 908 1105 988 Virginis

64 995 186 1053 meritis
210 1003 240 1052 et
262 994 472 1053 intercessione
491 992 608 1054 'divinae
630 995 742 1071 gratiae
761 995 898 1072 aptiores.
935 993 996 1054 llac
1014 995 1106 1074 igitur

66 1077 311 1139 consideratione
329 1077 453 1150 inducti,
477 1077 606 1138 eiusdem
628 1081 831 1158 omnipotentis
853 1079 922 1150 Dei,
946 1099 981 1149 sc
1000 1079 1104 1142 beato-

64 1185 134 1224 rum
153 1163 234 1224 Petri
253 1175 283 1224 ct
300 1162 381 1224 Pauli
401 1162 607 1243 Apostolorum
630 1166 693 1224 eius
714 1167 887 1224 auctoritate
912 1165 1028 1238 conlisi,
1051 1186 1104 1226 au-

67 1252 212 1312 ctoritate
236 1249 396 1329 apostolica
422 1250 477 1310 bac
504 1251 725 1329 inperpetuum
752 1250 873 1310 valitura
896 1253 1104 1312 constitutione

65 1337 224 1394 statuimus
241 1345 272 1394 et
290 1333 466 1407 ordinamus,
490 1333 568 1414 quod
589 1349 687 1395 omues
706 1346 737 1394 et
753 1336 857 1414 singuli
876 1333 983 1396 Cbristi
1001 1336 1105 1398 fideles

67 1423 222 1500 utriusque
240 1439 338 1492 sexus,
368 1423 416 1500 qui
433 1423 545 1481 missam
568 1431 599 1480 et
616 1419 737 1480 officium
756 1422 956 1499 conceptionis
975 1421 1103 1482 eiusdem

67 1507 205 1584 Virginis
222 1507 378 1584 gloriosae,
397 1508 477 1568 iuxta
495 1508 581 1586 piem,
600 1504 735 1566 devotam
746 1517 777 1564 et
794 1505 966 1566 laudabilem
985 1506 1104 1566 ordina-

69 1594 186 1652 tionem
205 1590 303 1652 dilecti
321 1591 372 1651 filii
390 1593 520 1669 magistri
534 1590 680 1652 Leonardi
694 1590 730 1651 de
744 1590 911 1670 Nogarolis,
932 1592 1032 1650 clerici
1043 1591 1105 1652 Ve'-

66 1679 219 1748 ronensis,
247 1679 352 1736 notarii
375 1680 479 1750 nostri,
508 1687 551 1749 et,
579 1695 652 1756 quae
670 1675 795 1754 desuper
811 1696 829 1737 a
848 1675 930 1736 nobis
948 1680 1101 1751 emanavit,

67 1765 177 1823 missae
205 1773 235 1822 et
262 1762 347 1825 officii
375 1762 535 1824 huiusmodi
561 1763 778 1834 institutionem,
806 1760 911 1822 indie
938 1763 1104 1824 festivitatis

69 1849 275 1929 conceptionis
293 1845 420 1910 eiusdem
439 1848 567 1927 Virginis
585 1847 695 1908 Mariae
715 1858 745 1906 et
762 1866 816 1927 per
834 1857 951 1907 octavas
969 1849 1031 1908 eius
1049 1848 1102 1910 de-

67 1945 139 1994 vote
160 1933 373 1994 celebraverint
390 1945 420 1994 et
438 1933 577 2005 dixerint,
601 1943 650 1992 aut
673 1933 730 1992 illis
747 1933 827 1992 boris
845 1934 993 1992 canonicis
1011 1935 1103 1994 inter-

68 2021 194 2092 fuerint,
219 2021 332 2099 quoties
350 2019 380 2079 id
397 2021 535 2091 iecerint,
559 2017 678 2080 eandem
701 2038 818 2097 prorsus
836 2016 1049 2096 'indulgentiam
1071 2030 1105 2080 et·
1167 2025 1169 2032 ‘

68 2117 260 2184 peecatorum
279 2107 476 2166 remissionem
496 2113 717 2184 cousequantur,
741 2105 922 2183 quam'iuxta
939 2103 1034 2164 felicis
1052 2123 1101 2164 re·

71 2191 255 2252 cordationis
275 2190 381 2251 Urbani
400 2191 451 2252 lV.
473 2193 503 2252 iu
526 2191 651 2252 concilio
669 2189 829 2251 Viennensi*
850 2188 1041 2269 approbatae,
1064 2199 1105 2252 ac'

68 2277 190 2338 Martini
209 2276 243 2335 V.
264 2288 295 2336 et
312 2279 433 2340 aliorum
451 2275 643 2338 Romanorum
652 2273 1101 2354 Pontificum'pracdecessorum

70 2374 236 2423 nostrorum
256 2364 477 2423 constitutiones
496 2372 709 2442 consequuntur
724 2363 777 2434 illi,
801 2363 848 2440 qui
867 2363 981 2421 missam
1000 2371 1031 2420 et
1047 2361 1103 2420 bo-

69 2468 118 2508 ras
142 2449 299 2508 canonicas
326 2449 355 2507 in
381 2449 461 2509 sesto
485 2450 617 2528 corporis
643 2458 674 2507 et
698 2449 845 2526 sanguinis
867 2446 981 2506 Domini
1009 2448 1104 2506 nostri·

70 2534 137 2596 lesu
157 2533 265 2594 Cbristi
283 2554 301 2592 a
317 2535 415 2613 primis
437 2535 566 2613 vesperis
584 2544 615 2594 et
635 2553 691 2612 per
710 2534 786 2594 illius
810 2533 1025 2598 octavasiuxta
1042 2532 1102 2592 Ro·

70 2637 174 2680 manae
194 2620 338 2681 ecclesiae
358 2620 590 2680 consulationem
609 2619 772 2692 celebrant,
791 2619 899 2691 dicunt,
919 2626 970 2678 aut
987 2621 1102 2691 missae,
1183 2661 1186 2667 -

71 2705 166 2766 cilicio
195 2716 226 2764 et
251 2706 331 2764 horis
356 2703 519 2766 huiusmodi
545 2707 699 2777 intersnut3
727 2705 927 2784 praesentibus
953 2707 1104 2784 perpetuis

71 2791 249 2871 temporibus
265 2792 405 2852 valituris.
449 2789 552 2854 Datum
574 2788 682 2848 Romae
710 2789 784 2868 apud
813 2789 843 2848 S.
871 2788 996 2858 Petrum,
1024 2809 1101 2850 anno

70 2877 283 2936 incarnationis
302 2875 462 2936 dominicae
483 2881 587 2947 1476..
610 2881 629 2940 3
645 2873 767 2935 Kalend.
786 2875 894 2944 Martii,
913 2872 1103 2932 Pontilicatus·

73 2963 166 3022 nostri
185 2982 260 3022 anuo
278 2972 372 3024 sexto.
487 2973 491 2978 '

485 3113 620 3174 sixtus
650 3115 700 3177 lV.
1048 3161 1049 3164 η
1112 3135 1152 3180 tet

522 3219 583 3266 ibid.
593 3226 615 3267 c.
626 3220 650 3269 2.

331 3298 405 3354 (Sese.
415 3297 444 3342 V.
459 3298 555 3342 Decret.
567 3298 596 3342 de
606 3300 703 3354 peccato
713 3295 842 3351 originali.)
874 3329 877 3334 ,
894 3273 896 3282 Δ

160 3389 254 3452 Grave
273 3392 357 3450 nimis
379 3392 503 3468 gerimus
527 3401 557 3450 et
578 3390 743 3460 molestum,
772 3408 855 3468 quum
877 3391 991 3450 sinistra
1015 3391 1105 3452 nobis'
1150 3395 1151 3399 ’

73 3475 108 3536 de
128 3475 296 3556 quibusdam
314 3477 521 3538 ecclesiasticis
543 3477 675 3557 personis
698 3475 871 3536 referuntur.
917 3473 977 3534 Sed
999 3477 1028 3536 in
1047 3497 1099 3536 co·r
1188 3503 1195 3514 ·

72 3581 142 3634 rum,
163 3565 211 3642 qui
229 3561 266 3640 ad
284 3561 538 3641 evangelizandum
555 3561 673 3624 verbum
683 3559 738 3620 Dei
755 3571 822 3620 sunt
839 3559 977 3642 deputati,
988 3567 1102 3624 'excesss

72 3649 148 3708 sibus
166 3646 363 3727 praedicando
387 3649 544 3708 commissis
566 3667 602 3708 eo
622 3648 736 3726 gravius
753 3655 958 3725 provocamur,
981 3649 1101 3728 quo-illi

73 3735 262 3812 periculosius
277 3745 429 3796 remanent
446 3735 614 3806 incorrecti,
637 3752 720 3812 quum
737 3731 825 3792 iacile
844 3730 942 3792 deleri
954 3745 1101 3814 nequeant

74 3821 299 3896 qnimnltorum
326 3819 461 3881 cordibus
488 3821 531 3880 sic
557 3819 672 3902 publice
698 3815 893 3898 praedicando
917 3819 1044 3880 diliusius
1067 3829 1102 3880 et

74 3903 261 3978 damnabilius
274 3907 472 3988 imprimuntur
485 3925 611 3968 errores.
648 3903 739 3977 Ssne,
753 3925 841 3984 ·quum
850 3915 953 3968 sancta
965 3905 1101 3967 ‚Romana
