2654 4330
272 211 415 268 snssno
434 211 510 274 xxa.
546 213 603 267 nu
621 213 884 296 noscamur.
1007 218 1082 276 ue

80 347 232 412 sacerdotes
249 349 286 412 ad
302 351 359 411 hcc
370 365 477 412 'munus
495 351 665 433 adiungere,
685 365 755 435 quot
771 355 911 418 sufficiant
929 357 967 418 ad
984 377 1083 429 saera?
1173 398 1178 412 ι

78 448 159 498 menta
175 435 335 497 exhibenda
349 448 379 497 et
393 439 498 498 cultum
513 438 637 500 divinum
652 441 865 502 celebrandum.
898 443 930 504 ln
948 445 983 504 iis
1000 462 1082 516 vero,

78 522 207 603 inquibus
226 522 262 582 ob
282 523 410 584 locorum
428 523 591 584 distantiam
618 527 678 586 sive
702 524 895 588 difficultatem
913 530 1083 608 parochiam

77 613 129 668 sinc
150 628 250 687 magno
274 609 455 670 incommodo
477 609 515 670 ad
532 609 720 690 perciplanda
742 624 922 674 sacramenta
941 625 971 674 ct
988 613 1085 682 divina

78 694 157 754 officia
171 691 315 754 audienda
333 695 477 760 accedero
495 716 552 755 non
567 707 696 775 possunt,
714 716 802 756 novas
815 698 979 776 parochias,
998 699 1085 760 etiam

76 781 159 839 invitis
171 781 342 851 rectoribus,
356 781 436 842 iuxta
450 781 571 840 formam
587 784 798 842 constitutionis
811 783 972 849 Alexandri
982 785 1031 846 lll.
1044 779 1081 856 ¹),

77 884 137 942 quae
153 865 266 945 incipit:
285 867 339 928 Aa
355 868 551 938 audientiam,
571 869 746 929 constituere
765 870 885 946 possint.
917 870 977 930 lllis
991 880 1085 930 autem
1099 880 1138 926 tu

77 949 270 1022 sacerdotibus,
290 952 336 1030 qui
356 950 392 1013 da
410 972 486 1012 novo
505 963 591 1012 erunt
609 953 743 1014 eeclesiis
761 956 1087 1034 novitererectisprac·

77 1033 195 1107 ficicndi',
229 1047 398 1114 competens
425 1039 589 1116 assignetur
619 1040 715 1117 portio
742 1039 864 1101 arbitrio
892 1041 1022 1120 episcopi
1050 1061 1088 1102 ex

77 1119 201 1179 fructibus
228 1120 265 1181 ad
294 1122 448 1183 eeclesiam
479 1125 627 1184 matricem
656 1122 912 1205 quomodocunque
939 1128 1087 1204 pertinen-

78 1205 152 1278 tibus3
170 1216 207 1277 et,
226 1209 250 1266 si
269 1225 391 1268 neeesse
408 1209 510 1279 fuerit,
530 1208 705 1288 compellere
719 1211 810 1289 possit
823 1211 958 1290 populum
972 1231 1007 1271 ea
1021 1213 1088 1272 sub·

77 1291 236 1364 ministrare,
255 1311 332 1371 quae
348 1293 488 1353 sufficiant
505 1292 542 1354 ad
559 1294 645 1353 vitan
665 1293 806 1355 dictorum
824 1292 1007 1356 sacerdotnm
1025 1317 1088 1357 sus·
1163 1291 1171 1302 '

78 1376 237 1452 tentandam
266 1397 436 1458 maenaque
454 1381 653 1440 reservatione
680 1381 811 1458 generali
829 1382 875 1441 vel
903 1382 1022 1461 speciali
1039 1384 1087 1443 vel

78 1460 215 1523 affectione
232 1481 323 1543 super
337 1463 422 1524 dictis
440 1465 573 1524 eeclesiis
587 1483 645 1524 non
660 1465 846 1526 obstantibus.
874 1466 978 1546 Neque
991 1469 1088 1528 huius·

78 1545 142 1604 nodi
158 1547 356 1610 ordinationes
379 1560 410 1610 et
432 1551 598 1610 erectiones
615 1552 726 1629 possint
743 1552 806 1610 tolli
825 1569 880 1610 nee
899 1551 1031 1632 impediri
1050 1573 1088 1612 ex
1171 1611 1177 1616 .

47 1675 51 1687 .
79 1631 274 1713 quibuscunque
299 1635 523 1714 provisionibus,
553 1635 639 1696 etiem
665 1637 768 1714 vigore
791 1637 1010 1715 resignationis,
1039 1649 1089 1698 ant

79 1717 204 1794 quibusvis
221 1721 287 1780 aliis
305 1719 543 1800 derogationibus
559 1721 607 1781 vel
625 1721 867 1801 suspensionibus.

80 1855 99 1899 c.
115 1857 141 1902 V.
175 1859 293 1907 Pereunt
309 1861 423 1921 episcopa·
431 1861 529 1926 facere
547 1862 654 1906 uniones
670 1865 811 1921 perpetuae
829 1861 856 1907 tn
874 1861 977 1908 caribus
995 1877 1013 1908 a
1031 1864 1089 1910 iore

501 1929 645 1990 permissio.

150 2011 187 2072 Ut
208 2015 295 2074 etiam
317 2013 506 2073 ecclesiarum
530 2022 630 2084 status,
654 2011 703 2070 ubi
725 2030 809 2071 sacra
832 2011 895 2072 Deo
921 2013 1015 2073 officia
1036 2017 1090 2074 mi·

79 2097 225 2172 nistrantur,
249 2119 288 2160 ex
311 2097 450 2177 dignitate
474 2107 676 2170 conservetur,
701 2097 813 2177 possint
834 2099 978 2180 episcopi,
1002 2101 1089 2159 etiam

80 2191 193 2260 tanquam
217 2185 396 2265 apostolicae
419 2183 496 2243 sedis
515 2182 657 2262 delegati,
680 2183 760 2242 iuxta
781 2182 901 2243 formam
920 2185 1004 2258 iuris,
1027 2187 1089 2246 sine

81 2275 160 2327 tamen
179 2267 359 2350 praeiudicio
388 2269 590 2341 obtinentium,
619 2270 718 2329 lacere
746 2270 906 2343 uniones²)
934 2281 1089 2350 perpetuas

82 2369 294 2437 quarumcunque
319 2356 506 2416 ecclesiarum
529 2354 736 2434 parochialium
759 2365 790 2414 et
811 2353 1035 2435 baptismalium,
1059 2368 1090 2417 et

82 2437 183 2512 aliorum
200 2440 407 2502 beneficiorum
427 2452 590 2501 curatorum
611 2439 658 2500 vel
682 2458 740 2499 non
763 2451 928 2500 curatorum
951 2463 1014 2502 cum
1039 2463 1090 2502 eu·

82 2524 140 2582 ratis
156 2539 274 2608 propter
292 2546 389 2586 earum
408 2537 605 2607 paupertatem
629 2536 660 2585 et
682 2527 711 2584 in
731 2527 837 2586 ceteris
857 2527 970 2597 casibus
989 2548 1006 2588 a
1025 2529 1087 2590 iure
1132 2602 1138 2608 ‚

81 2611 218 2685 permissis,
238 2615 323 2674 etiam
343 2613 368 2671 si
387 2611 481 2672 dictae
501 2611 645 2672 ecclcsiae
663 2612 709 2671 vel
727 2611 870 2672 beneficia
888 2624 985 2673 essent
1000 2634 1091 2693 gene·

82 2693 166 2755 naliter
189 2700 235 2758 vel
263 2698 430 2779 specialiter
460 2708 607 2759 reservata
637 2707 687 2756 aut
718 2698 950 2779 qualitercunque
974 2700 1089 2761 allecta.

84 2775 148 2847 Quae
165 2787 283 2844 uniones
305 2785 392 2844 etiam
414 2805 471 2844 non
494 2785 606 2864 possint
627 2784 775 2856 revocari,
794 2803 849 2844 nee
872 2783 1089 2865 quoquomodo

82 2861 184 2946 infringi
200 2871 302 2948 vigore
322 2871 513 2952 cuiuscunque
532 2868 714 2951 provisionis,
733 2869 819 2926 etiam
837 2888 978 2929 excausa
997 2871 1091 2949 resig-

82 2951 199 3026 nationis,
218 2967 268 3016 aut
286 2955 484 3034 derogationis
502 2967 552 3016 aut
568 2953 772 3034 suspensionis.

82 3084 105 3130 G·
120 3089 156 3136 vt
192 3093 325 3156 Imperitia
340 3093 464 3154 parochia
482 3093 579 3140 vicarii
595 3093 736 3154 assignata
748 3096 830 3152 purte
849 3092 991 3156 fructuum
1010 3089 1089 3152 depu-
1104 3095 1141 3138 tot

134 3163 235 3223 team
250 3165 280 3212 in
297 3162 421 3211 ecaodalo
435 3167 635 3223 perseueranter
651 3161 758 3222 petrori
772 3157 902 3220 beneficiio
914 3161 1028 3220 poesim.

157 3262 226 3335 Quia
247 3265 382 3328 ,illiterati
395 3264 424 3341 8)
458 3274 488 3324 et
514 3264 638 3343 imperiti
666 3263 873 3343 parochialium
902 3262 1090 3322 ecclesiarum

85 3343 200 3408 rectores
222 3352 312 3411 sacris
330 3353 421 3410 miuus
440 3351 498 3430 apti
517 3358 582 3408 sunt
601 3348 714 3420 officiis,
739 3349 835 3408 etalii
853 3357 973 3428 propter
990 3367 1090 3408 eorum

85 3430 150 3491 vitae
168 3436 366 3515 turpitudinem
385 3437 480 3517 potius
499 3432 649 3494 destruunt
667 3454 748 3514 quam
767 3432 930 3504 aedificant,
950 3433 1089 3515 episcopi,

86 3515 158 3579 etiam
175 3531 304 3602 tanqm
323 3523 500 3603 apostolicae
522 3519 598 3580 sedis
617 3518 753 3598 delegati,
773 3517 880 3578 eisdem
899 3518 1042 3579 illiteratis
1061 3532 1091 3580 et

85 3622 279 3646 Ἢ·-

87 3731 93 3744 ,
129 3683 281 3736 Seram.
304 3693 325 3744 i)
337 3701 357 3734 e.
367 3693 387 3733 ³.
397 3685 429 3732 X.
437 3689 469 3754 de
479 3687 537 3754 qccl.
548 3686 620 3732 aedil.
629 3685 718 3729 111.sa.
741 3683 987 3729 attamtntsnaonnt.
1001 3689 1090 3728 exunt.

87 3745 129 3792 ¹¹!rt
141 3739 248 3798 desumpt.
279 3757 305 3786 er
320 3755 385 3786 conc.
400 3741 468 3784 Trnd.
483 3745 653 3784 innovatam-
675 3741 689 3779 ²
708 3735 738 3779 cl.
753 3750 773 3780 c.
787 3739 807 3779 8.
822 3735 855 3779 X.
869 3737 897 3780 de
907 3749 999 3780 excesu.
1015 3734 1089 3792 prael.

88 3779 148 3832 lid.
168 3791 256 3838 Alenl
284 3826 289 3838 .
313 3792 499 3839 acSm.x1v.
515 3789 601 3835 derel.
617 3791 672 3832 ch.
706 3786 968 3832 a··.XX1V.e.1a.-
995 3787 1089 3840 θοὴ.

82 3836 139 3932 fflu·
155 3895 164 3938 Ι
181 3845 256 3954 9ἳίᾶἾ.
271 3851 280 3904 (
305 3845 375 3951 ἢῆ)
389 3859 410 3889 c.
424 3847 444 3888 l.
458 3844 489 3888 I).
499 3841 641 3888 xxxvltt.
658 3842 734 3895 (conc.
745 3838 799 3882 Tol.
810 3837 864 3892 IV.)
879 3852 899 3883 o.
916 3843 948 3884 1⁸.
962 3837 993 3882 X·
1010 3839 1039 3882 tle
1053 3851 1091 3882 re·

141 3923 146 3934 ⁹
167 3926 172 3936 '
195 3928 200 3939 ⁸
233 3911 298 3943 mma·
348 3929 354 3940 ο

139 3969 213 4012 cose.
232 3977 359 4016 mansur.
899 3952 918 4008 8
