2654 4334
269 251 926 341 s'ussroxxv.unnunonnnr.
1032 287 1112 346 noo

85 423 113 468 c.
129 419 175 468 lX.
213 420 343 480 Quomodo
357 423 517 482 probandam
535 425 575 472 ius
590 429 759 486 patronatu.
787 427 1011 492 Cairieses-endum
1021 443 1112 477 muana

347 497 528 551 patronorum.
564 490 728 542 Aenariam
744 496 850 542 uetitas.

174 571 266 633 Sieuti
284 573 413 653 legitima
428 587 627 655 patronatuum
649 578 712 636 iura
729 579 833 638 tollere
852 581 968 661 piasque
987 579 1112 641 fidelium

82 661 248 720 voluntates
270 661 299 718 in
322 669 420 720 eorum
443 663 621 722 institutione
642 662 751 722 violare
774 683 893 744 aequum
912 685 969 726 nou
988 677 1046 738 est,
1069 670 1111 726 sio

83 749 183 816 etiam,
202 756 235 804 ut
251 746 307 804 boo
326 746 784 809 eolorebeneiloiaeo'olesiastica
802 752 830 809 iu
841 752 1016 823 servitutem,
1036 750 1111 830 quod

83 853 101 891 a
125 831 221 892 multis
243 830 424 911 impudenter
450 831 494 902 lit,
521 832 703 911 redigantur,
731 854 787 894 non
815 847 860 896 est
880 833 1110 916 permittentium.

82 917 123 977 Ut
140 916 232 996 igitur
249 916 346 977 ‹lebita
369 919 397 976 iu
416 919 544 977 omuibus
567 921 641 978 ratio
660 918 843 993 observetur,
863 920 996 981 ieoermt
1012 933 1112 982 saneta
1124 944 1163 988 aas

82 1001 223 1083 synodus,
249 1013 281 1062 ut
306 1003 404 1064 titulus
427 1005 497 1062 iuris
523 1013 689 1083 patronatus
715 1007 752 1065 sit
778 1025 816 1067 ex
843 1004 1047 1082 fundationa¹)
1066 1008 1112 1067 vel

81 1088 245 1160 leudona,
265 1091 312 1168 qui
331 1108 368 1148 ex
385 1089 551 1148 authentico
569 1088 741 1151 documento
760 1103 791 1152 et
807 1093 871 1152 aliis
888 1095 951 1153 iure
969 1094 1114 1173 requisitis

82 1173 269 1247 ostendatur-3
293 1175 352 1236 sive
376 1177 461 1234 etiam
484 1195 521 1235 ex
544 1177 737 1256 multiplicatis
759 1179 1039 1258 praesentationibus
1061 1198 1116 1258 per

81 1261 310 1339 antiquissimum
328 1262 465 1340 temporis
483 1281 610 1334 cursum,
639 1264 687 1342 qui
708 1262 852 1324 bominum
875 1266 1039 1325 memoriam
1064 1283 1115 1323 ex·

81 1345 182 1418 cedat,
201 1346 308 1406 aliasve
327 1345 481 1407 secunlum
499 1347 568 1407 iuris
587 1346 811 1426 dispositionem.
857 1347 888 1408 ln
907 1351 941 1409 iis
957 1367 1028 1410 vero
1047 1368 1114 1429 per-

81 1433 173 1504 sonis,
193 1450 245 1493 seu
264 1432 512 1496 communitatibus
529 1433 576 1493 vel
593 1433 835 1507 universitatibus,
854 1437 883 1494 in
902 1435 1002 1516 quibus
1020 1434 1049 1494 iul
1068 1436 1112 1494 ius

80 1519 253 1598 plerumque
279 1535 317 1578 ox
342 1520 525 1598 usurpatione
552 1521 647 1598 potius
674 1522 832 1600 quaesitum
857 1522 1001 1600 praesumi
1027 1521 1112 1592 solet,
1162 1538 1167 1554 ·

80 1604 200 1684 plenior
222 1614 253 1664 et
275 1605 407 1664 exactor
427 1604 561 1684 probatio
584 1604 619 1664 atl
643 1604 919 1666 Maeuiumverum
938 1607 1047 1665 titulum
1066 1623 1113 1664 re-

82 1691 229 1769 quiratur3
254 1708 309 1750 neo
327 1690 558 1750 immemorabilis
576 1692 720 1770 temporis·
732 1692 867 1770 probatio
889 1692 974 1752 aliter
993 1691 1035 1751 eis
1053 1692 1113 1749 sul·

81 1779 231 1854 fungetur,
251 1794 332 1855 quam
351 1778 375 1835 si
392 1787 511 1856 praeter
526 1776 637 1856 reliqua
655 1775 693 1834 aul
711 1791 774 1836 earu
792 1777 957 1836 neeessaria
975 1795 1113 1857 praesen·
1216 1769 1218 1776 ’

81 1864 212 1921 ωἰοιιεε
229 1863 316 1922 etiam
335 1863 532 1932 continuatae,
560 1880 617 1920 non
636 1863 744 1920 minori
756 1862 861 1921 altem·
876 1881 957 1941 quam
977 1865 1114 1942 quinqua·

82 1950 165 2028 muta
192 1963 330 2008 annorum
361 1949 468 2028 spatio,
505 1965 577 2026 quae
610 1965 708 2006 omnes
735 1947 869 2008 effoetum
900 1949 1020 2007 sortitae
1047 1948 1112 2018 sint,

81 2031 260 2094 authenticis
287 2035 435 2115 seripturis
462 2032 630 2113 probentur.
683 2031 795 2112 Reliqui
823 2041 992 2112 patronatus
1014 2049 1113 2091 omnes

81 2123 112 2182 in
131 2119 292 2192 benefieiis,
311 2131 368 2180 tam
386 2119 581 2180 saecularibus
599 2128 680 2198 quant
691 2119 880 2197 regularibus,
900 2118 1113 2199 souparoobia·

82 2207 173 2278 libus,
202 2206 248 2265 vel
271 2204 470 2286 dignitatibus,
498 2205 782 2284 aut'quibusounque
806 2206 875 2264 aliis
892 2204 1056 2276 benefioiis,
1084 2205 1114 2262 in

84 2289 247 2352 oatbedrali
264 2293 311 2352 vol
330 2293 485 2370 collegiata
507 2291 646 2362 ecelesia,
671 2309 722 2350 seu
739 2292 894 2350 facultates
915 2300 945 2350 et
962 2291 1115 2370 privilegia

83 2394 227 2438 concessa
249 2387 305 2436 tam
327 2379 356 2436 in
378 2379 434 2436 vim
457 2386 636 2454 patronatus,
669 2395 750 2455 quam
773 2377 831 2435 alio
854 2393 1024 2456 quoeunque
1050 2376 1113 2434 iure

83 2461 263 2534 nominandi,
283 2462 424 2541 eligendi,
452 2460 655 2542 praesentandi
678 2460 715 2522 atl
739 2479 787 2534 ea,
816 2479 899 2542 quom
917 2472 1037 2533 vacant,
1062 2479 1114 2520 on·

84 2549 179 2629 ceptis
197 2548 394 2628 patronatibus
412 2567 497 2626 saper
511 2546 722 2607 cathedralibus
732 2549 867 2607 eeclesiis
875 2547 1113 2628 competentibus,

84 2646 115 2694 et
133 2636 265 2712 exeeptis
287 2636 364 2707 aliis,
393 2652 465 2714 qnae
492 2631 529 2693 ad
556 2634 759 2712 imperatorem
783 2644 814 2694 et
835 2651 922 2711 rogos
950 2649 1001 2694 sou
1023 2652 1115 2711 regna

82 2720 276 2800 possidentes,
295 2721 423 2800 aliosque
442 2719 577 2778 sublimes
594 2737 628 2778 ae
642 2737 789 2798 supremos
807 2721 962 2799 principes,
980 2721 1044 2780 iura
1061 2721 1114 2779 im·

82 2808 159 2885 perii
178 2807 207 2864 in
225 2804 358 2864 dominiis
376 2805 433 2865 suis
451 2805 600 2875 babentes,
619 2805 778 2883 pertinent,
799 2815 829 2863 et
847 2823 920 2884 quaa
937 2806 966 2863 iu
985 2806 1113 2864 favorem

83 2889 243 2952 studiorum
267 2893 443 2968 generalium
468 2909 607 2950 concessa
625 2892 744 2966 sunt2),
772 2890 801 2947 in
820 2900 910 2948 totum
928 2907 1045 2969 prorsus
1063 2889 1114 2948 ab·

84 2986 189 3056 rogata
209 2987 238 3035 et
256 2978 338 3036 irrita
362 2996 424 3036 oum
449 2979 527 3056 quasi
545 2977 728 3056 possessione
747 2973 813 3034 inde
832 2985 932 3034 secuta
950 2975 1114 3052 intelligan-

83 3061 145 3136 turss
164 3062 365 3143 beuelloiaque
381 3060 541 3122 huiusmodi
559 3073 691 3142 tanquam
710 3060 801 3120 libera
819 3079 836 3118 a
854 3061 912 3119 suis
927 3059 1115 3120 collatoribus

84 3149 273 3208 conferantur
295 3167 330 3208 ao
358 3149 537 3228 provisiones
560 3145 719 3208 huiusmodi
745 3147 858 3226 plenum
886 3145 1020 3206 ellectum
1044 3165 1115 3205 oon-

85 3245 251 3314 sequantur.
296 3232 343 3293 At
367 3235 438 3306 haee
462 3235 549 3294 lineat
567 3233 742 3312 episcopo³)
762 3242 961 3312 praesentatos
980 3251 997 3290 a
1015 3242 1115 3311 patro-

83 3323 142 3391 nis,
167 3321 192 3379 si
214 3318 311 3379 idonei
335 3338 390 3378 non
409 3321 528 3390 luerint,
551 3319 704 3398 repellero·
750 3317 833 3392 Quod
855 3320 879 3377 si
901 3316 939 3376 atl
961 3317 1116 3379 inferiores
1174 3344 1182 3391 p

84 3407 226 3465 institutio
249 3405 407 3485 pertineat,
430 3405 466 3464 ab
491 3405 628 3483 episeopo
651 3414 745 3464 umen
763 3407 843 3464 iuxta
864 3405 935 3464 alias
953 3411 1059 3462 statuta
1078 3401 1113 3462 ab
1126 3422 1166 3464 aas

85 3493 140 3552 bae
160 3501 260 3551 saneta
288 3490 400 3572 syuotlo
423 3493 635 3562 examinentur3
664 3489 790 3568 alioquin
813 3491 954 3550 institutio
976 3489 1012 3548 ab
1040 3489 1115 3548 inle-

85 3577 211 3637 rioribus
230 3577 307 3638 lacta
325 3578 407 3636 irrita
425 3578 464 3636 sit
480 3586 511 3635 et
519 3576 621 3635 inanis.
658 3574 775 3634 Patroni
791 3575 1112 3648 autembonefioiorum,
1176 3631 1178 3637 Α

137 3864 214 3909 San.
234 3861 313 3910 XXV.
341 3869 352 3908 t
373 3863 403 3908 el.
415 3862 479 3908 Sosi.
490 3861 557 3908 XIV.
569 3877 589 3906 a.
600 3865 631 3906 tt.
643 3876 662 3904 s.
673 3863 705 3904 25.
716 3859 747 3904 Χ.
758 3862 786 3904 ‹ls
796 3861 847 3904 inre
857 3867 918 3916 patr.
929 3857 975 3902 ΙΙΙ.
985 3861 1019 3901 38.
1029 3855 1111 3912 (Alex.

85 3915 178 4011 lllp-
203 3919 227 3971 2)
242 3913 345 3960 Sorax
367 3913 407 3960 lv.
424 3913 615 3959 allideret·
641 3916 664 3968 3)
679 3911 901 3960 of.Sort.XlV.tle
916 3909 1112 3954 potuissem.

85 3966 131 4010 XX
147 3968 177 4012 V.
189 3968 217 4012 da
230 3968 273 4012 rel.
286 3981 305 4012 s.
317 3971 349 4011 18.

845 4021 901 4082 13*
