2654 4330
289 284 432 342 SESSIO
451 281 540 340 XXV.
575 285 633 339 DE
650 285 745 342 ΒΜ.
762 285 936 343 Ermum.
1048 289 1124 350 ΙΙΙ

91 428 276 510 super-iores,
300 427 325 487 si
341 421 383 486 ita
399 420 543 488 videbitur
560 423 713 507 expedire,
732 437 765 488 ut
774 423 1013 491 'sanctimoniales
1031 448 1069 491 ex
1083 431 1127 492 iis

89 515 132 575 ad
153 533 230 574 nova
254 514 302 573 rel
327 513 443 592 antiqua
465 515 641 574 monasterie
660 514 738 574 intra
759 514 846 575 urbas
867 516 914 576 vel
937 515 1042 597 oppida
1064 517 1124 578 fre·

89 601 213 681 quentia
238 596 428 670 reducantur,
456 600 590 659 invocato
618 599 705 659 etiam
723 600 846 672 auxilio,
875 601 899 660 si
926 620 997 681 opus
1024 601 1121 676 fuerit,
1134 625 1173 670 sta

90 684 207 746 brachii
225 685 392 744 saecularis.
441 682 634 764 impedientes
654 704 725 744 vero
743 684 790 745 vel
807 706 865 746 nou
884 684 1052 746 obedientes
1070 705 1124 767 per

89 790 232 834 censuras
251 769 465 830 ecclesiasticas
482 789 586 850 parere
606 770 789 851 compellant.

361 909 389 956 c.
406 909 449 956 vt.
484 906 566 955 nasso
583 907 692 970 eligendi
707 910 861 970 supen'orec.

182 991 215 1051 ln
241 992 385 1053 electione
409 993 586 1071 superiorum
614 1009 859 1073 quorumcunque,
891 993 1024 1054 abbatum
1052 1005 1123 1054 tem·-

90 1077 251 1158 poralium,
277 1087 309 1137 et
334 1077 454 1137 aliorum
482 1075 642 1137 officialium
669 1097 704 1136 ac
727 1079 917 1156 generalium,
946 1090 977 1140 et
997 1079 1124 1141 abbatis·
1229 1071 1230 1076 ἵ

89 1181 190 1223 sarum
208 1173 294 1242 atque
316 1162 436 1222 aliarum
458 1164 699 1242 praepositarum,
727 1183 782 1242 quo
802 1167 897 1224 omnia
914 1175 996 1226 recte
1014 1177 1045 1226 et
1062 1168 1123 1226 sine

90 1249 153 1308 nlla
172 1247 273 1307 frande
292 1248 377 1320 bant,
396 1248 542 1326 inprimis
560 1247 804 1328 sanctasynodus
822 1248 952 1310 districte
971 1253 1122 1330 praecipit,

92 1351 196 1392 omnes
214 1331 394 1413 supradictos
411 1333 482 1410 eligi
500 1332 607 1394 debere
625 1353 680 1414 per
696 1343 764 1394 vota
781 1345 905 1408 secreta,
923 1337 965 1395 ita
982 1347 1013 1396 nt
1028 1339 1124 1415 singu-

92 1420 188 1479 lorum
206 1420 374 1498 eligentium
393 1419 506 1478 nomina
524 1437 665 1499 nunquam
679 1419 870 1499 publicentur.
906 1419 970 1481 Nee
984 1423 1013 1480 iu
1027 1433 1124 1502 poste·

91 1525 158 1564 rum
181 1504 270 1565 liceat
290 1503 496 1584 provinciales,
523 1513 573 1563 aut
594 1503 727 1577 abbates,
750 1506 864 1585 priores
881 1517 932 1566 aut
948 1508 1021 1567 alios
1040 1527 1125 1586 qnos·

92 1604 209 1670 cunque
232 1590 362 1650 titulares
384 1588 422 1649 ad
439 1589 573 1650 effectum
592 1590 743 1651 electionis
765 1589 918 1652 faciendae
937 1591 1123 1665 constituere,
1163 1591 1174 1630 -“

93 1687 146 1735 aut
171 1694 260 1736 voces
283 1686 314 1737 ot
337 1675 475 1753 snll'ragia
496 1676 655 1736 absentium
677 1675 822 1756 supplere.
876 1673 909 1736 Si
929 1695 1000 1736 vero
1024 1687 1125 1737 contm

93 1762 179 1822 buius
206 1760 317 1822 decreti
346 1762 579 1822 constitutionem
609 1763 712 1840 aliquis
741 1761 852 1822 electus
878 1762 979 1835 fuerit,
1017 1763 1124 1824 electio

93 1847 248 1920 inritauit,
267 1857 298 1907 et
314 1847 348 1919 is,
369 1848 415 1927 qui
433 1845 562 1906 adhunc
581 1845 715 1907 effectum
733 1865 764 1906 se
783 1848 812 1905 in
830 1847 1050 1926 provincialem,
1074 1849 1125 1909 ab*

93 1931 193 1992 batem
211 1943 261 1992 eut
276 1934 403 2012 priorem
421 1933 516 1992 creari
533 1931 705 2012 permiserit,
725 1930 862 2012 deinceps
880 1931 1124 1993 adomniaofficia

94 2021 126 2078 iu
149 2018 291 2097 religione
316 2016 471 2078 obtinenda
491 2017 624 2077 inhabilis
646 2018 779 2088 exsistat,
807 2018 1016 2099 facultatesque
1039 2037 1125 2098 super

94 2105 141 2164 bis
152 2123 310 2164 concessae
323 2122 361 2164 co
379 2105 441 2184 ipso
461 2103 619 2182 abrogatae
638 2113 819 2173 censeantur,
838 2113 878 2176 et,
898 2103 923 2163 si
939 2102 1124 2183 inposterum

95 2190 172 2250 aliae
192 2188 398 2261 concedantur,
416 2199 550 2270 tanquam
568 2190 751 2269 surreptitiae
770 2189 938 2249 habeantur.

96 2348 126 2398 G.
145 2345 200 2396 Vll.
237 2345 311 2404 Quae
331 2351 360 2394 ct
380 2345 505 2407 quomodo
528 2347 678 2394 abbatissae
702 2351 729 2392 st
750 2359 900 2408 quoeunque
922 2347 1024 2394 nostine
1043 2359 1124 2406 prus-

177 2416 272 2480 sectae
289 2414 427 2476 eligendae.
462 2413 569 2462 Duobus
586 2413 753 2462 nomano
769 2414 843 2462 nulla
855 2411 1041 2476 praeficiatur.

182 2497 339 2559 Abbatissa
356 2508 387 2558 et
403 2500 555 2577 priorissa,
580 2509 614 2560 et
636 2515 806 2578 quoeunque
823 2499 881 2558 elio
903 2500 1017 2560 nomine
1041 2516 1126 2578 prte-

97 2583 178 2643 fecta
194 2585 240 2644 vel
258 2585 423 2663 praeposita
441 2584 610 2664 appelletur,
629 2581 755 2663 eligatur
772 2605 828 2662 non
847 2585 941 2644 minor
957 2587 1039 2646 annis
1057 2604 1126 2670 qna·
1139 2603 1177 2644 uua
1265 2666 1268 2678 Ι

97 2668 284 2747 draginta¹),
307 2680 339 2729 ct
361 2687 434 2748 quae
455 2681 525 2731 octo
548 2672 629 2729 aunis
646 2680 713 2749 pest
729 2687 893 2749 expressam
917 2670 1126 2750 professionem

98 2754 283 2816 laudabiliter
303 2756 417 2816 vixerit.
462 2754 547 2829 Quod
571 2757 597 2816 si
618 2755 663 2816 bis
680 2756 863 2836 qualitatibus
885 2775 941 2815 non
964 2757 1128 2836 reperiamur

97 2842 127 2900 iu
146 2839 251 2900 cudens
276 2843 467 2914 monasterio,
494 2859 532 2902 ex
558 2841 617 2905 atio
644 2840 771 2902 eiusdem
799 2838 907 2901 ordinis
932 2841 1003 2918 eligi
1022 2843 1126 2919 possit.

98 2925 130 2986 Si
153 2927 211 2986 bec
233 2927 320 2987 otiam
347 2926 556 2988 incommodum
579 2928 735 3006 superiori,
768 2927 815 3005 qui
842 2926 978 2985 electioni
1001 2935 1126 3004 praeest,

97 3009 244 3084 videatur,
271 3031 310 3072 ex
335 3014 384 3084 iis,
412 3033 484 3092 quae
507 3015 536 3072 in
559 3013 660 3072 eodem
684 3011 858 3071 monasterio
886 3029 989 3068 aunum
1012 3011 1127 3088 trigesi-

98 3117 174 3156 mum
202 3099 433 3174 excesserint2),
461 3109 492 3159 et
518 3100 640 3178 quinque
663 3098 763 3156 saltem
783 3097 864 3154 aunis
886 3105 952 3174 post
968 3097 1127 3175 professio·

98 3202 163 3242 nem
182 3193 264 3243 recte
281 3183 419 3255 riserint,
447 3185 584 3265 episcopo
606 3186 653 3244 vel
676 3185 733 3244 alio
756 3183 905 3262 superiore
928 3181 1127 3240 consentiente

97 3269 235 3347 eligatur.
282 3268 399 3329 Duobus
416 3289 487 3329 vero
505 3271 687 3330 monasteriis
710 3269 786 3328 nulla
807 3267 1002 3347 praeficiatur.
1047 3265 1128 3324 Etsi

98 3373 155 3434 pura
173 3353 230 3414 duo
247 3355 294 3416 vel
316 3356 398 3435 plura
417 3374 584 3434 quocunque
603 3355 688 3415 modo
708 3355 831 3426 obtinet,
861 3363 983 3436 cogatur
1000 3371 1058 3411 uuo
1076 3371 1127 3410 ex-

98 3451 186 3520 cepto
205 3438 281 3500 intra
302 3456 356 3500 sex
372 3459 485 3501 menses
508 3451 607 3500 cetera
629 3443 787 3521 resignare.
832 3440 902 3499 Post
918 3434 949 3498 id
967 3457 1035 3498 vero
1055 3447 1128 3498 teru-

98 3545 166 3605 pus,
191 3527 246 3584 nisi
264 3527 469 3608 resignaverit,
495 3527 589 3586 omnia
606 3526 668 3605 ipso
687 3528 749 3586 inre
767 3536 881 3586 vacent.
926 3523 954 3584 Is
971 3544 1056 3597 voro,
1081 3528 1128 3604 qui

98 3610 238 3671 electioni
256 3623 385 3690 praeest,
414 3613 565 3691 episcopus
588 3611 648 3671 sive
671 3611 742 3671 elius
765 3612 897 3690 superior
920 3611 1044 3672 claustra
1067 3631 1128 3670 ruo-

99 3698 219 3756 nasterii
247 3717 304 3756 non
331 3695 523 3776 ingrediatur,
555 3694 607 3755 sod
634 3705 699 3755 ente
728 3697 920 3755 cancellorum
947 3697 1126 3756 fenestellam

152 3912 232 3957 Sasu.
246 3913 326 3959 XXV.
353 3917 377 4010 13
391 3915 420 3959 cf.
437 3927 456 3959 e.
472 3917 504 3958 12.
518 3916 546 3958 c.
559 3913 616 3958 XX.
631 3927 669 3970 qu.
683 3919 702 3958 1.
718 3915 826 3970 (Onager.
838 3915 869 3968 l.)
881 3939 908 3949 -
932 3917 955 3968 2)
969 3914 1000 3959 cf.
1016 3927 1037 3958 s.
1051 3917 1085 3958 tt.
1100 3914 1129 3958 ee

98 3961 172 4008 elect.
183 3965 208 4008 in
217 3965 278 4011 Vlto
287 3965 307 4010 1.
316 3968 337 4011 b.
348 3969 355 4021 (
376 3965 461 4012 onifac.
470 3965 549 4020 vul.)

860 4025 918 4085 12*

1295 653 1300 687 l
