2648 4336
94 202 99 212 ’
206 239 287 298 aaa
517 237 934 294 nauusnmrrsron
1050 247 1100 272 ’-

680 375 764 444 §.ns

291 495 367 557 LlV.
400 497 484 569 ltem,
517 517 589 576 quae
607 497 685 557 velut
710 507 822 575 turpem
853 496 968 556 abusnm
1001 508 1082 556 notat
1113 516 1239 576 nmquam
1308 489 1309 522 l

155 649 157 659 1
207 581 398 662 praetendere
416 584 628 662 eleemosynam
646 599 699 661 pro
719 580 899 641 celebrandis
918 583 1009 640 missis
1027 593 1057 641 ct
1070 601 1235 641 sacramen·

155 689 194 730 ass
208 669 244 726 tis
262 666 506 739 administrandis,
529 669 613 727 sicuti
631 677 661 726 et
678 669 814 746 accipere
833 666 987 745 quemlibet
1004 679 1174 745 proventum
1194 665 1237 726 di·

208 763 283 812 etum
306 754 411 825 stolae,
436 763 466 812 et
484 754 643 830 generatim
662 750 850 830 quodcunque
869 750 1037 830 stipendium
1057 762 1087 811 et
1109 753 1235 810 bonora-

206 841 294 912 rinm,
321 836 396 918 quod
415 838 613 916 suffragiorum
636 847 685 895 ant
709 837 861 896 cuiuslibet
884 835 1055 915 parochialis
1078 838 1234 897 functionis

208 924 362 983 occasione
382 922 549 995 offerretur,
574 925 712 1000 —quasi
736 922 826 999 turpis
849 920 951 981 abusus
975 924 1093 981 crimine
1117 923 1234 981 notandi

205 1019 304 1078 essent
321 1009 441 1067 ministri
460 1009 617 1079 ecciesiae,
641 1005 706 1066 dum
729 1005 883 1066 secundum
907 1017 1054 1085 receptum
1072 1017 1108 1066 et
1129 1008 1236 1086 proba·

206 1104 264 1152 tum
284 1093 427 1153 ecclesiae
445 1110 553 1152 morem
572 1103 603 1151 et
619 1093 777 1151 institutum
796 1101 912 1150 utuntur
925 1097 987 1152 iure
1001 1093 1183 1171 promulgato
1198 1093 1233 1151 ab

205 1177 348 1258 Apostolo
363 1175 526 1256 accipiendi
545 1178 714 1257 temporalia
732 1178 766 1236 ab
785 1176 839 1247 luis,
859 1178 958 1255 quibus
976 1177 1134 1257 spiritualia
1153 1179 1234 1237 mini-

207 1274 347 1322 strantur:
371 1265 475 1335 Falsa,
500 1265 676 1334 temeraria,
701 1264 899 1323 ecclesiastici
918 1283 953 1323 ac
971 1265 1136 1341 pastoralis
1161 1266 1236 1322 iaris

208 1349 333 1421 laedae,
352 1348 384 1408 ia
402 1347 556 1410 eeclesiam
576 1351 694 1425 estoque
712 1348 861 1409 ministrem
879 1347 1034 1408 iniuriosa.

675 1499 700 1568 §.
721 1503 760 1549 ιε.

291 1621 352 1680 LV.
372 1621 453 1692 ltem,
472 1640 527 1699 qua
543 1621 730 1681 vehementer
748 1631 848 1700 optare
866 1640 898 1681 se
913 1621 1074 1699 profitetur,
1096 1632 1127 1679 ut
1140 1621 1235 1699 aliqua
1309 1631 1310 1650 ³

165 1782 168 1790 Ι
200 1707 280 1764 ratio
298 1709 475 1766 inveniretur
491 1708 620 1766 minntnli
643 1705 714 1766 cleri
738 1711 806 1786 (que
829 1708 942 1765 nominc
965 1706 1132 1766 inferiorum
1157 1705 1234 1765 ordi-

205 1811 271 1850 num
290 1793 414 1852 clericos
437 1791 579 1870 designat)
604 1812 621 1851 a
645 1791 912 1852 cathedralibuset
934 1791 1098 1870 collegiatis
1120 1791 1234 1850 submo-

204 1875 306 1948 vendi,
333 1875 511 1954 providendo
534 1878 633 1949 aliter,
660 1896 761 1956 nempe
785 1897 838 1956 per
860 1877 966 1956 probos
988 1889 1019 1936 et
1041 1879 1234 1956 provectioris

135 2007 160 2026 .
205 1963 308 2021 aetatis
327 1962 432 2034 laicos,
460 1982 589 2040 congruo
609 1965 755 2041 assignato
779 1961 936 2041 stipendio,
961 1963 1118 2022 ministerio
1142 1963 1233 2022 inser·

203 2045 300 2106 viandi
319 2049 410 2107 missis
429 2059 460 2106 et
477 2048 540 2106 aliis
560 2049 677 2119 officiis,
703 2049 780 2106 velut
797 2047 924 2128 acolythi
944 2057 1011 2120 eto,
1037 2058 1068 2107 nt
1086 2049 1169 2120 olim,
1192 2051 1233 2107 in·

176 2137 183 2148 ”
206 2134 279 2210 quit,
303 2131 365 2191 lieri
384 2132 510 2204 solebat,
534 2133 646 2213 quando
665 2133 727 2192 eius
743 2135 860 2211 generis
880 2133 976 2196 officia
996 2153 1052 2192 uon
1071 2131 1108 2192 ad
1127 2152 1233 2192 meram

205 2218 330 2297 speeiem
352 2237 405 2296 pro
430 2215 583 2278 maioribus
607 2217 752 2278 ordinibus
776 2216 964 2298 suscipiendis
992 2217 1111 2278 redacta
1140 2229 1232 2292 arant,

204 2305 247 2348 -'-
266 2314 403 2380 quatenus
422 2303 609 2383 reprehendit
627 2306 798 2375 institutum,
818 2324 873 2383 quo
893 2313 1024 2376 cavetur,
1043 2314 1074 2363 ut
1092 2305 1232 2364 minorum

205 2385 334 2448 ordinum
353 2389 515 2447 functiones
533 2409 586 2468 per
604 2409 654 2448 eos
673 2400 779 2449 tentum
798 2400 980 2469 praestentur
994 2400 1232 2460 exerceanturve,
1310 2415 1311 2442 i

205 2474 251 2550 qui
269 2475 298 2530 in
317 2472 372 2530 illis
396 2475 542 2532 constituti
565 2473 739 2552 adscriptive
762 2485 827 2533 sunt
850 2475 967 2548 (concil.
990 2494 1071 2554 prov.
1095 2471 1146 2534 lV.
1170 2474 1233 2536 Me·
1310 2513 1311 2540 ι

202 2555 297 2635 dial),
320 2555 404 2636 idque
428 2556 464 2616 ad
488 2568 610 2619 mentem
628 2556 788 2618 Tridentini
807 2557 898 2635 (Sess.
921 2557 1028 2620 XXlll.
1052 2580 1079 2620 e.
1105 2565 1181 2633 l7.),
1203 2571 1234 2618 ut
1310 2551 1311 2556 ἵ

201 2652 366 2700 sanctorum
384 2639 513 2702 ordinum
533 2663 549 2702 a
573 2643 726 2704 diaconatu
749 2643 786 2704 ad
809 2646 985 2705 ostiariatum
1008 2645 1173 2706 functiones
1197 2645 1232 2704 ab

203 2726 370 2805 apostolicis
389 2728 565 2808 temporibus
583 2731 612 2789 in
631 2731 757 2790 ecclesia
776 2728 959 2790 laudabiliter
976 2741 1130 2810 receptae,
1154 2741 1186 2790 et
1204 2732 1232 2789 in

201 2811 328 2891 pluribus
348 2813 420 2874 loeis
438 2813 610 2893 aliquamdiu
628 2817 806 2876 intermissae
826 2818 905 2875 iuxta
922 2834 1022 2876 saeros
1042 2835 1170 2876 canones
1184 2836 1231 2875 re-

200 2909 351 2970 vocentur,
371 2918 425 2959 nee
440 2899 475 2958 ab
491 2901 645 2960 haereticis
660 2911 792 2981 tanquam
808 2903 918 2961 otiosae
932 2901 1134 2962 traducantur:
1153 2901 1231 2979 Sag-

200 2987 297 3062 gcstio
318 2988 491 3057 temeraria,
509 2989 627 3064 piarum
647 2991 761 3046 aeream
780 2984 938 3067 offensiva,
963 2988 1162 3049 ecclesiastici
1177 2989 1230 3046 rui·

201 3071 322 3128 austerii
336 3069 562 3148 perturbativa,
587 3074 765 3144 servandae,
791 3074 888 3150 quoad
901 3072 1107 3150 stampensi,
1132 3074 1163 3131 ia
1182 3091 1229 3130 ee·

202 3153 354 3213 labrandio
375 3158 523 3232 mysteriis
545 3149 698 3216 decentiae
722 3159 909 3229 r'mmiautiua,
935 3159 967 3216 ia
982 3156 1128 3216 ‘minorum
1148 3157 1228 3217 ordi·

200 3257 267 3296 num
285 3250 454 3301 manciaci
467 3237 656 3320 sanctiones,
683 3251 740 3300 tam
763 3245 794 3300 in
818 3241 1001 3319 disciplinam
1020 3261 1079 3320 per
1101 3259 1228 3304 canones

200 3333 233 3382 ct
246 3325 398 3402 parietina
413 3345 472 3402 per
495 3327 574 3386 Trid.
589 3325 749 3404 probatam
768 3329 922 3398 iniuriosa,
931 3324 1043 3404 saccas
1061 3328 1226 3388 decreden-

199 3428 262 3468 ram
280 3412 310 3468 ia
330 3428 393 3471 eam
412 3413 552 3470 conviciis
569 3422 601 3470 ct
617 3413 780 3472 calumniis.

669 3579 695 3648 ς.
713 3586 755 3632 18.

108 3671 116 3680 ⁶
146 3689 184 3730 ⁴⁴⁹
284 3694 360 3755 LVl.
383 3698 537 3772 Doctrina,
561 3719 633 3780 qnae
652 3703 751 3762 statuit
772 3704 946 3763 conveniens
967 3701 1060 3762 videri
1083 3702 1112 3760 in
1136 3704 1224 3780 impe-

200 3777 332 3838 dimentis
350 3785 506 3860 canonicis,
521 3803 594 3863 quae
613 3790 783 3865 proveniunt
801 3807 838 3848 ex
856 3788 969 3849 delictis
987 3791 1016 3847 in
1030 3789 1093 3847 iure
1108 3805 1224 3866 expres·

201 3865 252 3932 sis,
277 3864 361 3923 ullam
386 3884 505 3943 unquam
530 3888 583 3928 nec
607 3872 835 3945 concedendam,
859 3895 912 3934 nec
935 3871 1138 3934 admittendam
1162 3887 1226 3930 esse
