2654 4330
198 293 273 352 m
366 287 533 348 sessio
560 287 663 344 xxuu
696 247 1057 378 namurcensem.

168 453 170 458 ’
198 434 395 513 excogitatum
421 453 440 491 a
469 433 539 493 viris
569 449 666 492 rerum
698 429 960 492 ecclesiasticarum
987 431 1141 511 imperitis,
1178 443 1229 492 aut

198 539 264 582 esse
286 529 395 580 tantum
418 519 503 578 ritum
531 515 672 597 quendam
694 514 822 593 eligendi
848 516 993 576 ministros
1014 517 1096 578 verbi
1119 515 1177 578 liei
1197 529 1230 578 ct
1302 517 1307 526 '

198 615 457 668 sacramentorum:
476 601 627 664 anathema
644 604 691 662 sit

285 690 364 752 Can.
383 686 434 750 IV.
479 687 512 750 Si
531 690 593 768 quis
611 686 727 760 dixerit,
745 706 800 766 per
816 706 928 750 sacram
948 684 1228 750 ordinationemuon

94 757 99 776 ⁸
197 776 263 838 dari
281 775 419 857 Spiritum
440 782 584 846 sanctum,
612 793 647 833 ac
670 770 792 852 proinde
815 774 922 834 frastra
939 774 1094 854 episcopos
1111 773 1228 836 dicere:

121 905 127 913 -
197 861 310 942 Accipe
329 859 466 941 Spiritum
485 869 629 933 sanctum3
647 869 697 918 aut
714 875 848 938 peream
866 878 924 919 non
942 861 1064 939 imprimi
1073 859 1230 922 ¹clutracta·

197 967 273 1020 rem,
296 947 343 1008 vcl
365 963 444 1017 eum,
473 947 521 1025 qui
543 943 681 1006 sacerdos
703 945 792 1004 semel
815 945 882 1017 fuit,
911 945 1014 1005 laicum
1042 965 1140 1008 rursus
1164 947 1230 1008 lieri

195 1051 297 1114 posset
316 1032 468 1092 anemema
485 1031 532 1090 sit.

284 1117 363 1177 Can.
381 1115 420 1176 V.
465 1113 497 1175 Si
525 1117 587 1196 quis
615 1114 735 1187 dixerit,
763 1135 876 1177 sacram
893 1118 1074 1191 unctionem,
1102 1137 1160 1198 qua
1177 1137 1231 1181 ec·

197 1204 286 1263 clesia
313 1203 344 1262 in
370 1211 471 1262 sancta
493 1200 676 1262 ordinatione
694 1203 796 1275 utitur,
825 1223 882 1262 uon
905 1212 1013 1263 tantum
1031 1223 1089 1263 non
1106 1205 1229 1284 requiri,

195 1287 248 1348 scd
267 1285 505 1349 contemnendam
523 1299 554 1348 et
570 1287 762 1369 perniciosam
780 1307 855 1361 esse,
878 1288 1009 1350 similiter
1030 1299 1062 1349 et
1083 1289 1155 1350 alias
1179 1309 1229 1350 om

195 1371 270 1434 diuis
289 1374 501 1434 caeremonias:
520 1375 671 1433 anathema
689 1376 735 1435 sit.

282 1457 361 1519 Cart.
379 1458 432 1519 Vl.
477 1456 510 1519 si
536 1461 599 1539 quis
626 1459 747 1532 dixerit,
780 1462 809 1519 in
837 1455 964 1521 ecclesie
995 1461 1140 1522 catholica
1167 1481 1228 1524 aaa

195 1564 259 1606 esse
283 1544 474 1606 hierarchiam
497 1543 593 1606 divium
617 1543 799 1606 ordinatione
818 1547 989 1621 institutam,
1013 1567 1086 1627 quac
1110 1559 1227 1609 constet

195 1651 234 1692 ex
251 1631 405 1712 episcopis,
424 1631 603 1712 presbyteris
622 1642 653 1692 ct
669 1633 821 1693 ministris:
840 1633 992 1693 anathema
1009 1635 1056 1694 sit.

194 1805 266 1864 teris
293 1805 468 1885 superiores,
496 1803 543 1865 vel
570 1824 628 1864 non
656 1803 765 1865 haltere
792 1815 966 1884 potestatem
986 1805 1175 1866 oonlirmandi
1194 1817 1227 1867 ct

195 1888 347 1950 ordinandi
354 1913 362 1964 3
385 1890 432 1951 val
456 1909 534 1965 cam,
557 1910 641 1971 pam
658 1889 781 1964 habent,
805 1891 862 1950 illis
879 1910 943 1952 csse
963 1910 1026 1951 cum
1043 1891 1227 1973 presbyteris

196 1995 388 2051 communem,
411 1976 459 2036 vel
481 1977 598 2038 ordines
620 1975 656 2036 ab
679 1978 749 2057 ipsis
772 1977 894 2038 collatos
911 1979 973 2038 sinc
990 1979 1089 2060 populi
1105 1979 1153 2039 vel
1170 1999 1227 2059 po·

193 2064 308 2122 testatis
335 2062 494 2123 saecularis
521 2082 665 2125 consensu
691 2074 741 2123 aut
765 2063 918 2124 vocatione
941 2064 1040 2124 irritos
1067 2083 1146 2140 csse,
1175 2076 1226 2125 aut

196 2167 262 2221 cos,
287 2150 335 2228 qui
352 2167 406 2208 nec
425 2147 461 2206 ab
480 2150 681 2211 ecclesiastica
699 2158 730 2208 ct
748 2151 888 2211 canonica
906 2159 1050 2229 potestate
1068 2152 1124 2211 rite
1143 2150 1226 2211 ordi-

194 2234 265 2305 nati,
283 2251 339 2294 uec
358 2233 435 2292 missi
454 2245 529 2307 sunt,
547 2233 600 2294 sed
618 2232 733 2294 aliunde
751 2238 878 2308 veniunt,
898 2237 1043 2314 legitImos
1062 2255 1126 2296 csse
1139 2237 1224 2298 verbi

193 2327 225 2378 et
241 2329 485 2379 sacramentorum
504 2321 664 2380 ministros:
682 2320 834 2382 anathema
852 2323 898 2382 sit.
1326 2316 1327 2327 ¹

278 2404 358 2466 Can.
376 2403 458 2466 VIII.
504 2404 536 2465 Si
560 2409 622 2486 quis
640 2405 760 2480 dixerit,
784 2411 951 2487 episcopos,
976 2410 1024 2489 qui
1046 2410 1223 2471 auctoritate

190 2487 313 2550 Romani
339 2489 490 2550 Pontificis
518 2504 711 2565 assumuntur,
739 2513 797 2553 non
824 2513 888 2554 esse
916 2494 1061 2572 legitimos
1088 2505 1119 2556 ct
1134 2513 1224 2557 veros

188 2575 357 2656 episcopos,
381 2576 433 2637 sed
452 2577 616 2657 figmentum
634 2579 799 2640 humanum:
818 2579 971 2639 anatliema
988 2582 1034 2642 sit.

349 2736 591 2785 nucanruu
623 2739 676 2786 nu
704 2727 1064 2788 ausoausuroux.

273 2814 384 2877 Eadem
415 2830 602 2880 sacrosancta
633 2818 804 2880 Tridentino
828 2819 970 2901 synodus,
1002 2823 1222 2887 reformationis

186 2903 337 2963 materiam
355 2924 542 2985 prosequens,
569 2905 653 2977 haec,
674 2924 747 2986 qnae
765 2917 935 2987 sequuntur,
953 2909 983 2968 in
1002 2912 1150 2988 praesenti
1168 2911 1222 2973 de·

121 3039 124 3042 .
187 2987 335 3049 cernenda
352 3009 417 3051 esso
436 2993 536 3051 statuit
553 3002 584 3050 ct
602 2989 742 3050 decernit.

213 3125 241 3172 G.
257 3127 280 3176 l.-
312 3127 453 3177 Rectorem
470 3130 639 3179 ecclesiaram
656 3131 684 3178 in
700 3130 834 3179 candendo
853 3134 1010 3196 aeplr‘gentr'a
1028 3139 1103 3184 aan'e
1120 3151 1194 3184 coer-

427 3205 520 3259 ceturp
545 3202 694 3248 animarum
717 3214 798 3248 curae
812 3203 975 3262 providetur.

273 3279 363 3354 Quum
384 3293 544 3363 praecepto
568 3282 665 3346 divino
692 3286 855 3347 mandatum
878 3289 916 3346 sit
938 3289 1083 3362 omnibus,
1118 3289 1220 3369 quilius

184 3366 342 3426 animarum
361 3387 432 3428 cura
449 3369 600 3430 commissa
618 3381 678 3442 est,
698 3391 767 3433 oves
785 3393 851 3432 suas
869 3392 1030 3451 agnoscere
1042 3377 1081 3451 ¹),
1101 3395 1155 3454 pro
1173 3375 1221 3436 his

184 3451 359 3514 sacrificium
379 3454 500 3526 offerre,
524 3454 662 3536 verIIque
681 3455 770 3518 diviui
790 3457 1027 3539 praedicatione,
1052 3479 1221 3522 sacramen·

183 3543 279 3595 torum
301 3535 549 3602 administratione
572 3561 607 3601 ac
628 3543 770 3605 honorum
794 3546 917 3606 omnium
940 3566 1059 3626 operum
1084 3534 1219 3628 exemplo

160 3619 162 3628 '
183 3639 318 3698 pascere,
337 3643 492 3704 pauperum
511 3629 687 3710 aliarumque
706 3631 909 3693 miserabilium
919 3651 1107 3715 personarum
1118 3651 1219 3694 curam

132 3727 171 3769 tu
183 3716 332 3784 paternam
360 3729 479 3786 gerere,
508 3724 538 3773 et
564 3716 593 3774 in
617 3725 717 3776 cetera
739 3719 835 3778 munia
858 3719 1016 3798 pastoralia
1037 3718 1217 3792 incumbere,

184 3809 258 3872 quae
280 3795 376 3853 omnia
397 3813 575 3878 nequaquam
603 3801 638 3860 ab
665 3802 702 3861 iis
724 3806 867 3882 praestari
894 3815 924 3864 ct
951 3805 1064 3884 impleri
1085 3816 1216 3886 possunt,

233 3974 313 4020 Sera.
327 3975 423 4024 XXIII.
452 3984 472 4032 1)
482 3980 547 4025 Iesu.
557 3980 590 4026 Χ.
600 3987 632 4027 14.
642 3981 712 4028 XXI.
723 3989 808 4030 ts—tt
