2648 4336
203 305 278 374 m
437 305 572 366 suren
589 303 713 366 Rern.
730 303 835 363 sctr-
857 303 998 366 ntuetr.

204 444 409 510 Pistoriensem
428 447 495 508 olim
514 458 545 510 ct
562 445 730 510 Pratensem
753 447 932 527 episcopum,
955 445 993 510 de
1011 465 1050 510 se.
1063 466 1127 510 oum
1146 446 1232 508 nohis

205 544 236 594 et
257 543 356 596 sancta
383 532 528 596 catholica
549 531 678 596 Romana
703 533 831 594 eeclesia
856 529 1089 606 reconciliando,
1118 532 1230 611 quoda

205 619 293 698 longo
322 639 373 680 nos
404 630 534 699 temporo
567 618 748 698 optabamus,
779 619 904 698 bonique
935 637 1036 680 omues
1068 617 1232 681 aridissime

202 704 419 786 operiebantur,
439 706 567 783 graviter
584 705 725 782 cogitare.
770 703 829 764 lam
845 721 916 773 uero
935 704 1142 782 cogitationem
1156 704 1232 766 hanc
1318 779 1319 782 Ἴ

205 811 283 851 suam
312 790 394 849 nohis
421 791 449 849 in
475 791 633 869 praelatam
662 789 806 850 civitatem
833 790 957 850 reversis
984 791 1105 868 egregio
1134 791 1233 868 plane·

206 899 261 958 quc
289 875 427 937 imitando
454 876 586 955 exemplo
615 876 776 955 complevit.
821 873 914 934 Filiali
942 875 1017 934 enim
1041 895 1105 936 cum
1127 873 1232 935 liducia

206 964 291 1024 nobis
313 961 499 1040 significavit,
526 981 559 1022 so
581 961 736 1034 formulae,
765 980 846 1040 quam
876 961 930 1040 ipsi
957 977 1123 1039 proponere
1150 961 1234 1023 nobis

207 1049 374 1128 placuisset,
393 1049 507 1106 sincero
527 1045 616 1106 eorde
630 1047 863 1126 subscripturum.
907 1045 972 1106 Nec
987 1045 1064 1118 fidei,
1084 1065 1165 1125 quarn
1181 1067 1234 1106 no·

207 1134 252 1193 bis
271 1131 401 1202 dederat,
420 1130 520 1191 defuit.
565 1131 724 1192 Fornulam
738 1133 812 1192 enim
827 1151 881 1211 per
893 1150 957 1192 von.
973 1132 1093 1192 fratrem
1106 1141 1234 1191 cosmum

209 1217 456 1297 archiepiscopum
475 1217 685 1297 Philippensem
704 1219 732 1276 ei
750 1219 863 1294 missam
882 1217 961 1295 legit,
981 1213 1106 1290 admisit,
1125 1235 1234 1296 susque

209 1325 292 1364 manu
310 1304 441 1382 signavit.
488 1303 549 1364 llac
568 1323 639 1382 ergo
658 1304 792 1376 formula,
816 1323 898 1381 quam
916 1300 1078 1382 reparando
1097 1300 1235 1362 seandalo

210 1390 351 1470 publicam
365 1390 598 1468 incognitionem
614 1388 717 1449 deduci
733 1391 904 1468 concupivit,
924 1387 1093 1460 declaravit,
1113 1407 1146 1448 sc
1163 1407 1235 1468 puro
1272 1401 1280 1414 ⁰

175 1527 178 1532 ,
211 1486 242 1536 ct
259 1476 437 1556 simpliciter,
456 1477 627 1554 omninoque
647 1477 796 1535 exanimo
815 1475 949 1553 accipere
968 1485 999 1532 et
1012 1475 1146 1534 venerari
1164 1493 1236 1534 con·

142 1622 145 1630 ,
211 1563 402 1622 stitutionesa
420 1559 489 1620 sede
508 1561 668 1639 apostolica
686 1560 787 1632 iactas,
809 1561 909 1639 quibos
928 1579 1045 1620 errores
1063 1558 1140 1633 Baii,
1170 1559 1237 1619 lan·

208 1649 295 1718 senii,
321 1646 476 1720 Qucsnellii
495 1657 527 1705 et
542 1646 669 1716 illorum,
694 1647 741 1724 qui
759 1665 810 1704 eos
828 1647 931 1705 sectati
949 1655 1027 1715 sunt,
1050 1645 1237 1723 proscribun-

211 1743 266 1802 tur,
286 1734 456 1810 praesertim
473 1750 543 1790 vero
562 1732 666 1791 bullam
686 1729 874 1809 dogmaticam
891 1734 1054 1792 Auctorem
1064 1729 1157 1810 fidei,
1181 1751 1238 1809 qua

213 1818 361 1894 octoginta
371 1819 493 1897 quinque
503 1818 716 1896 propositiones
726 1816 894 1876 damnantur
903 1835 920 1874 e
930 1815 1041 1896 synodo
1052 1814 1236 1886 Pistoriensi,

213 1921 294 1980 quarn
315 1903 375 1981 ipse
399 1913 538 1979 coegerat
556 1914 586 1962 et
603 1901 742 1981 publicari
761 1904 891 1972 iusserat,
911 1911 1078 1980 excerptam
1094 1899 1150 1960 has
1168 1920 1238 1979 pro-

211 1997 313 2065 pterea
331 1988 541 2067 propositiones
561 2005 659 2047 omnes
679 1999 708 2046 et
730 1988 854 2064 singulas
878 2005 909 2046 se
928 1985 1085 2064 reprobare
1104 1997 1135 2044 et
1158 1985 1238 2045 dam-

212 2085 281 2132 nare
300 2073 335 2131 iis
355 2067 621 2154 qualificationibus
641 2075 733 2151 iisque
752 2072 890 2144 sensibus,
910 2073 1000 2150 quiin
1016 2071 1239 2149 praelatabulla

213 2159 343 2235 expressi
367 2170 445 2235 sunt3
471 2157 594 2236 denique
618 2159 646 2215 in
670 2168 786 2216 sanctae
810 2157 954 2216 ecclesiae
978 2157 1144 2216 catholicoe
1161 2178 1238 2236 apo·

213 2243 333 2304 stolicae
357 2242 499 2302 Romanae
523 2242 595 2315 lide,
618 2245 703 2322 inque
727 2242 889 2302 omnimoda
910 2243 1091 2302 subiectione
1109 2261 1237 2322 veraque

78 2317 85 2330 ’
159 2361 199 2404 4⁶⁸
213 2325 378 2391 obedientia
400 2330 483 2388 uobis
506 2331 668 2408 nostrisque
694 2328 923 2399 successoribus,
950 2339 1082 2408 tanquam
1105 2330 1134 2386 in
1160 2327 1239 2386 Petri

214 2414 352 2476 cathedra
375 2414 540 2474 sedentibus
563 2424 593 2472 et
615 2413 679 2473 lesu
703 2415 809 2474 Christi
831 2415 962 2486 vicariis,
985 2415 1061 2474 velle
1084 2415 1238 2474 scrivere

209 2512 244 2571 vet
261 2503 342 2559 mori.
393 2499 462 2558 Post
494 2499 640 2558 solennem
672 2499 746 2558 adeo
781 2499 1003 2560 declarationem
1031 2519 1094 2559 eum
1122 2498 1160 2558 ad
1186 2519 1239 2557 nos

213 2585 430 2656 accersivimus,
467 2585 672 2662 formulamque
704 2605 720 2644 a
749 2605 779 2644 se
807 2583 997 2664 subscriptam
1027 2585 1109 2648 nobis
1143 2583 1238 2648 denuo

214 2681 405 2753 asserentem,
433 2679 464 2728 et
490 2688 602 2728 suorum
626 2690 757 2730 sensuum
781 2672 975 2730 sinceritatem
999 2681 1083 2750 atque
1110 2670 1237 2730 intimam

214 2757 383 2838 dogmaticis
406 2767 497 2838 sanct
521 2775 613 2815 ruem..
627 2755 670 2816 Pii
694 2759 766 2815 sexti
796 2752 988 2816 decisionibus
1016 2755 1233 2814 submissionem

212 2843 324 2906 iteratis
341 2841 439 2904 verbis
456 2853 623 2913 testantem,
646 2841 845 2920 addictumque
869 2862 947 2900 suum
967 2840 1147 2899 orthodoxae
1172 2839 1239 2899 lidei

213 2932 332 3011 sedique
360 2929 539 3008 apostolicae
571 2926 672 2988 mediis
696 2929 779 2986 etiarn
805 2929 833 2984 in
852 2927 999 2986 erroribus
1022 2928 1144 2986 animum
1170 2946 1239 3005 pro·

213 3019 350 3088 litantem,
370 3027 488 3097 paterne
509 3016 650 3094 complexi
669 3034 771 3083 sumus,
792 3014 950 3092 meritaque
969 3011 1006 3070 ob
1025 3023 1135 3085 aetum,
1156 3032 1239 3092 quem

213 3105 312 3180 gessit,
331 3101 415 3162 laude
431 3100 667 3172 commendatum,
687 3101 761 3158 omni
777 3100 905 3158 caritatis
919 3097 1024 3156 affeetu
1039 3097 1123 3158 nohis
1138 3098 1238 3158 catho-

212 3189 345 3268 licaeque
370 3189 513 3249 ecclesiae
537 3187 796 3246 reconciliavimus.
842 3183 930 3258 Quom
953 3203 1024 3243 vero
1048 3183 1122 3242 datis
1149 3201 1240 3262 nuper

162 3277 167 3282 “
213 3271 249 3332 ad
277 3296 330 3336 nos
358 3275 463 3347 literis,
490 3273 591 3353 quibus
615 3271 650 3331 de
673 3272 752 3331 lelici
776 3272 926 3351 faustoque
950 3279 1049 3329 nostro
1077 3272 1105 3328 in
1130 3268 1236 3329 Urbem

133 3377 137 3384 ’
214 3359 307 3421 reditu
326 3361 408 3420 nohis
432 3361 607 3437 gratulatur,
631 3359 866 3418 retractationem
885 3357 1048 3416 Florentiae
1068 3354 1174 3414 iactam
1192 3372 1239 3412 ra·

213 3455 269 3504 tam
297 3466 328 3505 se
356 3446 463 3508 habere
491 3445 717 3516 confirmaverit,
747 3454 868 3522 paterno
896 3461 949 3504 cor
974 3451 1103 3502 nostrum
1130 3434 1237 3518 gaudio

213 3550 309 3590 rursus
328 3531 433 3592 affecit.
