2654 4334
172 259 179 266 -
261 227 933 304 canaonem.nnnnmnnornnss.
1036 247 1110 309 aaa

77 385 220 447 coneilio
233 384 344 464 proprii
370 383 530 471 sacerdotis
556 385 594 444 ob
619 385 741 464 aliquam
768 385 969 448 radonolilem
994 407 1110 453 ιιιιιιιι
1137 445 1139 451 ,

77 471 117 533 ad
135 481 249 550 ternpus
267 468 303 529 ab
321 471 383 558 eius
390 465 588 549 perceptione
612 468 725 532 duxerit
743 470 956 546 abstinendum
983 473 1109 552 alioquin

77 568 112 618 ct
128 558 229 618 vivens
242 554 302 615 ab
293 573 422 633 mgreasu
438 555 581 617 ecclesiae
600 516 1110 628 arceatur‚ct1noricnslll1ristiann

79 652 185 704 careat
201 640 359 721 sepultura.
403 638 485 700 Unde
513 639 569 700 hoc
595 641 720 702 salutare
743 651 879 704 statutum
894 643 1111 722 frequententur

79 726 218 790 ecclesiis
231 725 404 805 publicetur,
425 745 460 786 ne
475 727 613 805 quispiam
627 728 806 805 ignorantiae
823 728 965 788 caecitate
979 728 1110 790 velamen

80 813 278 875 excusationis
297 822 430 872 assumat.
467 809 579 890 Siquis
598 823 691 874 nutem
709 813 806 872 alieno
824 811 969 875 sacerdoti
987 813 1112 874 voluerit

80 901 160 962 iusta
177 897 214 957 de
234 917 321 964 causa
338 917 390 956 sua
409 897 542 960 confiteri
561 907 698 976 peccata,
720 897 866 958 licentiam
889 899 967 998 prius
986 900 1112 978 ιιιιιιΙιι

81 994 113 1044 et
131 983 297 1043 obtinento
320 983 438 1061 proprio
461 981 628 1054 sacerdote,
656 1002 739 1062 quum
761 984 847 1044 aliter
869 985 949 1044 ille
940 1003 1032 1094 rpsum
1053 1003 1111 1042 non

81 1070 176 1148 possit
196 1068 373 1128 solvereve!
392 1068 493 1145 ligore

156 1217 418 1280 lNNOCllNTlUS
438 1219 488 1280 lv.
514 1219 554 1280 ΙΝ
577 1219 759 1281 CONClth)
778 1219 1038 1282 LUGDUNENSI.

117 1325 161 1372 Ex
179 1319 260 1374 sexto
279 1324 333 1371 Dec
334 1323 458 1372 retaliurn
468 1324 514 1374 li.b
531 1329 571 1386 Π,
591 1325 630 1372 tit
646 1325 702 1370 XV.
720 1325 751 1372 de
767 1325 937 1386 appellationi
938 1327 994 1386 ιιι,
1013 1339 1036 1375 ι.
1053 1327 1078 1376 3.

393 1400 459 1454 (Sena
460 1359 621 1449 fflder
622 1401 740 1448 marn·
713 1405 805 1460 capt)

173 1493 300 1554 Romana
328 1492 453 1556 ccclesia
481 1504 514 1554 ct
537 1491 629 1572 airsrc.
675 1494 765 1567 Quum
787 1495 1032 1572 suffragancorum
1056 1495 1113 1556 tte·
1126 1507 1165 1551 ιιι

84 1580 192 1642 mensis
210 1579 369 1649 ecclesiae,
396 1595 566 1658 suorumque
590 1580 769 1649 officialium,
798 1580 859 1658 (qui
876 1581 1059 1680 generaliter
1076 1579 1112 1640 dc

85 1665 182 1726 causis
200 1662 263 1722 ad
254 1684 380 1743 ipsorum
398 1665 490 1724 lorum
512 1664 721 1743 pertinentibus
739 1683 839 1725 eorum
856 1666 935 1726 vices
953 1664 1112 1745 supplenda

86 1755 291 1836 cognoscunt)
318 1769 402 1810 unum
429 1760 460 1810 ct
485 1747 560 1812 idem
580 1750 780 1812 consistorium
803 1750 863 1812 sive
886 1748 1057 1812 auditorium
1075 1752 1114 1810 sit

86 1827 271 1907 censendum,
299 1835 372 1896 ab
363 1836 431 1914 rpsis
454 1834 627 1896 officialibus
648 1853 704 1895 non
728 1831 765 1896 ad
788 1833 883 1895 dictos
904 1835 1112 1914 suffraganeos,

87 1926 137 1995 (nc
155 1920 192 1980 ab
211 1919 319 1981 eisdem
337 1917 374 1980 ad
392 1939 424 1982 se
442 1923 520 1999 ipsos
538 1913 683 1998 interponi
704 1920 860 1999 appellatio
879 1918 1037 1993 videatur),
1061 1919 1114 1980 sed

85 2007 151 2067 de'
142 2025 205 2066 nure
223 2004 260 2066 ad
278 2004 446 2072 Remcnscm
465 2015 510 2065 est
532 2006 640 2065 curiam
662 1983 869 2084 appollonium.
906 2003 951 2064 At
970 1991 1114 2066 archidia-

86 2093 169 2154 conis
187 2111 257 2152 vero
276 2092 395 2171 aliisque
414 2090 598 2150 interioribus
617 2091 752 2168 praelatis
770 2090 959 2169 suffraganeis
977 2091 1114 2150 subiectis

86 2175 208 2248 eisdem,
230 2187 377 2238 eteorum
396 2174 577 2247 officialibus,
600 2173 636 2236 ad
654 2175 853 2254 suffraganeos
870 2177 947 2254 ipsos
966 2175 1066 2246 debet,
1085 2183 1116 2236 et
1176 2171 1184 2182 '

86 2283 145 2323 non
163 2259 201 2322 ad
219 2261 339 2322 candem
359 2262 466 2322 ιιιίιιι
490 2262 614 2336 (οιιιιιίι
632 2258 718 2322 dictis
736 2261 937 2339 suffraganeis)
960 2262 1113 2341 appellari,

87 2349 142 2407 nisi
160 2345 238 2408 alind
252 2346 385 2406 Remonsi
403 2347 546 2406 ccclesiae
570 2345 606 2406 de
626 2345 831 2407 consuetudine
851 2357 996 2425 competat
1013 2348 1043 2406 in
1061 2347 1115 2406 hac

86 2443 182 2513 parte.
228 2433 318 2506 Quum
345 2443 440 2494 autem
463 2430 498 2491 ad
518 2433 676 2512 praelatam
694 2433 802 2492 curiam
823 2432 858 2492 ab
881 2429 1038 2492 eorundem
1056 2433 1116 2490 sul-

87 2521 290 2598 lraganeornm
314 2518 360 2578 vel
383 2537 495 2578 suornm
520 2518 686 2582 officialium
709 2516 855 2578 audientia
879 2518 966 2579 luerit
987 2517 1116 2598 appella·

88 2616 157 2675 tom,
177 2603 325 2670 Remcusis
339 2603 574 2682 archiepiscopus
589 2604 649 2683 (qui
668 2623 720 2683 pro
739 2614 869 2682 tempore
888 2601 988 2684 fuerit)
1006 2604 1053 2664 vel
1072 2604 1117 2663 of·
1234 2597 1236 2606 ’

87 2690 192 2748 finialis
206 2690 293 2768 ipsius
307 2689 468 2748 nullatenus
482 2689 510 2746 in
525 2689 726 2766 appellationis
741 2709 827 2748 causa
842 2690 1030 2768 interpositae
1048 2697 1115 2748 ante

88 2774 262 2834 definitivam
276 2776 445 2834 senteutiam
460 2777 550 2838 citent
563 2783 669 2852 partes,
693 2793 747 2832 nec
761 2774 847 2832 etiam
861 2775 925 2832 aliis
943 2775 1019 2834 illam
1037 2793 1117 2836 com·

6 2927 11 2934 ,
88 2864 216 2931 mittant,
244 2858 444 2939 appellationis
471 2856 597 2920 eiusdem
629 2876 715 2917 causa
741 2857 884 2937 probabili
911 2877 962 2918 seu
989 2858 1117 2936 legitima

88 2966 146 3005 non
165 2964 311 3026 expressa.

176 3028 209 3089 Si
220 3049 290 3090 vero
309 3031 420 3090 vocatis
439 3030 565 3108 partibus
582 3028 628 3087 vel
647 3027 815 3097 nullatcnus,
835 3035 884 3084 aut
902 3037 959 3084 non
976 3025 1052 3086 intra
1065 3025 1116 3087 de·

88 3137 152 3176 cem
172 3115 235 3176 dies
252 3127 319 3195 post
340 3115 585 3174 interlocutoriam
608 3113 654 3171 vel
677 3110 849 3172 definitivam
873 3112 1043 3171 sententiam
1066 3132 1116 3192 ap·

89 3201 225 3280 pellatum
244 3201 347 3272 luisse,
370 3219 421 3260 seu
440 3199 545 3279 aliquid
564 3196 639 3257 aliud
659 3199 764 3268 simile,
788 3197 886 3276 sicque
906 3217 962 3256 non
981 3216 1045 3257 csse
1063 3216 1118 3278 per

87 3287 311 3367 appellationem
334 3285 371 3346 ad
395 3285 515 3346 eundem
538 3284 785 3363 archiepiscopum
806 3283 853 3342 vel
877 3283 938 3342 aius
961 3282 1115 3342 officialem

88 3372 254 3439 devolutum
272 3373 418 3452 negotium
438 3381 628 3450 proponatur:
648 3367 749 3440 iidem,
778 3368 844 3442 (nisi
862 3369 940 3446 prius
958 3369 1026 3448 ipsis
1045 3387 1117 3426 con·
1201 3443 1203 3448 ,

89 3459 200 3517 stiterit
216 3477 330 3525 causam
353 3459 442 3536 ipsam
461 3455 499 3516 ad
516 3475 568 3515 eos
587 3455 718 3516 totaliter
734 3455 823 3514 fuisse
846 3452 994 3526 deletam)
1018 3452 1117 3532 proti-
1208 3465 1221 3495 <

89 3543 172 3612 bera,
199 3562 236 3604 ne
262 3544 292 3601 in
320 3562 407 3603 causa
433 3541 491 3614 illa,
518 3541 564 3603 vel
591 3558 626 3600 ne
650 3538 687 3598 ad
709 3539 922 3600 exsecutionem
941 3537 1118 3618 procedatur

87 3625 263 3699 sententiaa,
283 3648 342 3688 oon
360 3637 551 3708 praesumant·
603 3630 604 3634 ’

178 3710 261 3786 Quod
287 3714 312 3772 si
339 3713 494 3773 obiiciatur
519 3733 557 3773 ex
579 3712 682 3770 iniusta
705 3729 792 3771 causa
810 3729 861 3770 seu
879 3709 971 3770 miuus
989 3709 1117 3788 legitima

88 3810 159 3858 ante
179 3801 349 3858 sententiam
377 3799 597 3878 appellationem
621 3796 817 3874 interpositam
842 3797 996 3866 exstitisse,
1024 3805 1118 3854 etex

90 3903 126 3942 eo
146 3904 288 3952 nonense
306 3886 526 3963 appellationem
545 3879 704 3942 huiusmodi
726 3879 944 3945 admittendam:
972 3889 1118 3959 nequeunt

142 3979 233 4024 conc.
253 3979 408 4024 ιιιιιιιιι.
906 3971 946 4029 17
