2652 4330
206 965 454 1032 BULLA
505 959 1044 1030 anlc‘rlollls
1149 991 1164 1033 s

271 1101 624 1166 sacnosnttcrl
660 1101 978 1164 OllCUhlllNlCl

157 1188 1090 1348 o'enc1n11srn1nnmrrmr

333 1403 646 1466 suarsunorrr.
677 1403 912 1450 rounmsx.

100 1657 224 1730 Pennus
243 1669 408 1742 Errsoorus,
435 1688 536 1728 sanvus
558 1688 704 1730 ssnvonunr
723 1668 792 1741 Dm,
815 1690 853 1728 nn
871 1688 998 1730 rurum
1015 1691 1062 1730 ur
1080 1691 1135 1732 un·

107 1775 228 1816 monim.

194 1840 279 1898 lnitio
297 1840 387 1901 nostri
406 1839 488 1898 huius
505 1839 703 1918 pontificatus,
727 1859 809 1918 quarn
828 1859 885 1898 non
905 1839 942 1898 ob
961 1842 1063 1900 merita
1081 1861 1135 1899 no·

106 1937 184 1994 stra,
212 1924 263 1984 sed
286 1935 404 2003 propter
425 1945 504 1984 sunm
527 1943 658 2002 magnam
679 1925 837 1985 bonitatem
857 1923 911 1984 Dei
931 1927 1142 2002 omnipotentis·

107 2008 291 2090 providentia
312 2009 395 2070 nobis
419 2011 573 2080 commisit,
594 2019 747 2069 cernentes
764 2011 820 2068 iam
840 2019 911 2081 tum,
929 2009 961 2066 in
979 2029 1050 2090 quas
1066 2029 1136 2088 per-

106 2095 287 2154 turbationes
314 2106 484 2174 temporum,
518 2105 642 2173 quotque
665 2093 846 2154 incommoda
869 2099 965 2154 rerum
985 2095 1049 2156 fere
1073 2114 1135 2154 om-

106 2183 182 2240 nium
206 2191 304 2242 nostra
326 2181 478 2258 pastoralis
496 2179 660 2240 sollicitudo
679 2191 709 2240 et
725 2181 824 2260 vigilia
842 2192 920 2240 esset
936 2189 1054 2253 vocata,
1083 2201 1135 2242 eu·

105 2265 253 2344 piebamus
271 2265 384 2344 quidem
404 2265 513 2325 mederi
528 2265 708 2326 Christianae
726 2265 903 2345 reipublicae
922 2265 1013 2336 malis,
1033 2267 1134 2344 quihus

104 2351 157 2408 illa
178 2353 233 2410 iam
252 2350 355 2411 dudum
373 2361 477 2410 vexata
495 2362 525 2412 et
542 2351 747 2431 propemodum
765 2371 903 2430 oppressa
921 2363 980 2423 est3
1007 2349 1060 2414 sed
1078 2351 1133 2431 ipsi

106 2437 206 2506 etiam,
229 2449 261 2495 nt
282 2436 411 2496 homines
434 2436 602 2496 circumdati
624 2437 841 2512 infirmium),
869 2436 906 2497 ad
931 2449 1038 2497 tantum
1061 2456 1133 2498 onus

106 2519 262 2580 tollendum
280 2523 404 2601 impares
420 2525 496 2582 vires
514 2533 627 2582 nostras
645 2542 708 2582 esse
724 2523 922 2582 sentiebamus.
959 2523 1034 2582 Nam
1047 2543 1132 2602 quum

105 2625 178 2684 pace
197 2626 268 2685 opus
286 2625 350 2668 esse
368 2609 592 2686 intelligeremus
610 2607 647 2668 ad
665 2607 842 2668 liberandam
860 2619 891 2668 et
905 2607 1131 2670 conservandam

103 2711 122 2748 a
141 2691 268 2769 piurimis
291 2691 518 2772 impendentibus
536 2695 672 2772 periculis
690 2694 908 2773 rempublicam,
937 2695 1032 2753 omnia
1049 2695 1130 2755 inte·

103 2777 195 2836 nimus
214 2776 288 2836 odiis
306 2789 337 2838 et
355 2777 578 2839 dissensionibus
596 2779 691 2859 plena,
710 2779 943 2840 dissentientibus
959 2781 1130 2858 praesertim

106 2863 281 2940 principibus
304 2864 339 2923 iis
361 2865 500 2936 interm,
529 2865 628 2944 quibus
651 2885 870 2926 summarorium
892 2883 985 2943 paene
1004 2867 1131 2924 omnisa

104 2945 167 3005 Deo
194 2949 333 3026 permissa
360 2960 413 3009 est.
458 2948 548 3022 Quum
575 2971 658 3010 unum
686 2951 797 3022 ovile²)
827 2959 857 3006 et
878 2967 971 3006 unum.
985 2959 1129 3026 pastorem

106 3030 240 3092 dominini
271 3052 336 3094 esse
367 3035 465 3113 gregis
496 3033 533 3094 ad
569 3036 768 3113 integritatem
800 3031 979 3110 Christianae
1011 3033 1130 3112 religio-

105 3118 148 3175 nis
175 3128 216 3178 et,
230 3115 267 3176 ad
295 3119 462 3182 coelestium
488 3119 628 3180 bonorum
646 3138 724 3198 spem
742 3120 771 3178 iu
798 3119 882 3178 nobis
907 3117 1130 3196 confirmandam
1160 3127 1166 3136 “

103 3205 297 3264 necessarium
316 3204 497 3266 duceremus:
526 3205 708 3277 schismatisp
724 3201 861 3278 dissidiis,
880 3203 1047 3281 haeresibus
1062 3213 1131 3263 erat

105 3285 260 3349 Christiani
278 3292 398 3350 nominis
415 3291 526 3353 divulsa
544 3295 599 3352 iam
617 3310 710 3372 paene
723 3303 753 3350 et
766 3293 895 3352 lacerata
907 3289 1010 3348 nnius.
1039 3285 1129 3361 Quum

105 3381 193 3432 tutam
215 3385 302 3453 atque
325 3379 458 3438 munitam
481 3379 517 3438 ah
540 3377 697 3446 infidelium
719 3379 804 3454 armis
822 3387 908 3456 atque
925 3371 1036 3456 insidiis
1053 3393 1129 3435 rem·

104 3457 246 3534 publicam
262 3471 447 3540 optaremus:v
458 3467 564 3525 nostris
578 3465 682 3526 erratis
691 3475 845 3540 nosuaqne
857 3469 1023 3534 carolorum
1033 3460 1127 3543 eulpa,

104 3540 158 3602 Dei
183 3542 321 3605 videlieet
346 3549 390 3606 ira
411 3553 540 3629 pensatis
563 3551 669 3626 nostris
691 3549 869 3626 imminente,
897 3544 1013 3608 modus
1034 3545 1130 3606 fuerat

104 3629 219 3701 amissa,
240 3629 385 3709 hungaria
402 3647 515 3708 vexata,
535 3647 704 3716 conceptum
722 3643 753 3694 et
769 3631 933 3692 meditatum
952 3641 1053 3691 uonna
1071 3629 1129 3688 lta·

105 3737 318 3754 ,ἡ

156 3777 177 3828 1)
187 3775 258 3820 llebr.
269 3777 298 3822 V.
308 3783 329 3824 2.
356 3785 378 3836 2)
389 3781 453 3829 loen.
463 3783 495 3828 X.
506 3787 539 3829 lb.
911 3799 913 3804 '

149 3851 228 3892 CONC·
247 3856 377 3900 rathum.
939 3842 952 3897 ¹
1052 3889 1055 3900 '
