2654 4334
184 233 261 298 aas
374 231 757 315 condemnanturque
780 233 1028 299 serronem.

185 382 313 440 scienter
328 378 374 436 vel
393 378 560 453 ignoranter
581 384 748 435 attentatum
766 374 863 434 forsan
881 385 926 434 est
942 373 1094 446 hactenus,
1112 376 1159 440 vel
1178 377 1210 434 ia

185 476 330 544 posterum
341 461 497 539 contigerit
505 460 652 531 attentari,
666 460 752 518 etiam
764 457 944 520 deceruimus
953 460 1061 522 iatum
1072 469 1103 522 et
1111 461 1209 532 inne,

186 561 217 609 et
234 549 414 607 nibilominus
431 548 461 604 in
480 564 578 620 omnes
595 555 626 604 et
646 544 775 622 singulos
796 542 972 614 ordinarios,
999 556 1031 628 et
1055 544 1208 616 officiales,
1323 583 1324 590 κ

187 634 410 704 commissarios,
430 630 578 709 delegatos
596 649 708 700 eorum,
732 631 779 708 qui
797 648 828 688 se
846 626 883 689 de
900 627 1085 706 dignitatibus
1102 649 1137 690 ao
1154 631 1210 690 be-

186 720 298 780 neficiis
315 717 522 778 ecclesiasticis
540 716 752 794 quibuscunque
771 714 936 798 officialium
953 725 1004 778 aut
1021 716 1138 794 negotia
1154 715 1211 775 bu·

107 826 109 834 ’
186 802 308 866 iusmo'di
324 801 400 882 apud
418 800 524 861 dictam
542 798 639 860 sedem
658 800 887 880 prosequentium
906 797 1133 878 praedictorum,
1155 820 1212 862 eos

186 890 243 950 illis
258 891 355 948 lorsan
369 885 518 968 privando,
527 896 621 965 ¹atquc
630 886 757 964 privatos
766 882 950 948 decernendo
959 879 1010 946 seu
1021 884 1211 958 declarando,
1324 944 1325 972 ,

186 975 233 1034 vel
243 976 437 1052 cuiuscunque
446 973 557 1052 privato
573 981 724 1050 praetextu
737 970 787 1032 illa
801 971 931 1048 personis
944 971 1008 1031 aliis
1019 970 1210 1042 consuendo,

187 1079 239 1119 seu
256 1058 294 1119 de
311 1059 368 1118 illis
385 1060 414 1115 in
433 1075 484 1133 eos
504 1054 717 1136 quomodolibet
734 1074 765 1114 se
780 1053 1005 1126 intromittendo,
1025 1067 1081 1116 tam
1094 1057 1123 1114 in
1137 1055 1212 1118 dan·
1324 1131 1325 1134 Ἴ

186 1155 231 1204 tes
250 1161 331 1222 quam
349 1145 378 1201 in
401 1142 575 1220 recipientes
588 1141 898 1212 excommunicationis,
917 1142 1109 1219 suspensionis
1122 1152 1153 1208 et
1166 1143 1212 1202 in·
1324 1205 1325 1208 ,

186 1227 304 1288 terdicti
322 1228 395 1287 latas
412 1228 569 1286 sententias
590 1227 813 1305 promulgamus,
842 1219 1059 1303 quasvolumus
1076 1245 1128 1286 eos
1145 1229 1213 1306 ipso

187 1315 265 1376 iacto
284 1315 447 1384 incurrere,
476 1330 493 1369 a
519 1331 574 1390 qua
600 1309 712 1389 qnidam
739 1311 1041 1372 excommunicationis
1066 1306 1213 1377 namnam

118 1421 123 1428 ·
187 1398 298 1458 absolvi
316 1406 468 1476 nequeant,
487 1397 541 1455 nisi
559 1416 577 1454 a
594 1395 676 1457 uobis
690 1396 735 1454 vel
750 1415 867 1475 pernes
882 1393 1059 1474 deputandis,
1079 1407 1212 1476 praetcr-

189 1503 270 1568 quam
289 1483 319 1541 in
337 1483 436 1540 mortis
454 1480 575 1553 articulo
595 1481 751 1540 constituti.

274 1567 434 1627 Praemisso
451 1576 545 1626 autem
572 1585 590 1624 u
616 1564 662 1624 die
685 1565 828 1625 allisionis
850 1568 1040 1644 praesentium
1059 1564 1095 1626 ad
1112 1568 1212 1628 valvas

187 1653 325 1712 basilicae
352 1646 489 1731 principii
515 1649 719 1731 Apostolorum
750 1649 786 1710 de
814 1649 897 1710 Urbe
918 1669 957 1709 ex
982 1662 1061 1710 certa
1088 1654 1212 1713 scientia
1325 1729 1326 1732 Ἴ

188 1756 372 1817 quoscunque
391 1739 483 1818 ligare
501 1737 628 1802 volumus
646 1746 678 1795 et
699 1746 823 1796 arctare.
858 1733 926 1796 Non
943 1736 1121 1806 obstantibus
1139 1758 1213 1817 apu-

66 1855 71 1862 -
189 1823 309 1893 stolicis,
337 1832 369 1882 et
393 1822 609 1902 quibuscunque=
632 1821 814 1898 generalibus
841 1830 891 1882 aot
916 1821 1139 1899 provincialibus
1161 1835 1213 1887 ant

139 1905 373 1988 msynodalibus
391 1908 536 1977 conciliis,
555 1903 672 1977 edictis,
697 1905 960 1976 constitutionibus,
983 1904 1213 1978 ordinationibus

188 2004 220 2052 et
231 1993 398 2073 apostolicis
411 1992 577 2076 privilegiis,
592 2009 645 2068 per
658 1987 865 2070 quae‘ed'ectus
879 1993 1068 2068 praesentium
1079 1992 1214 2072 impediri

187 2089 287 2158 posset
304 2076 518 2157 quomodolibet
535 2077 582 2140 vel
599 2074 720 2147 differri,
738 2077 849 2136 etiami
867 2074 903 2137 de
921 2077 977 2136 illis
991 2095 1147 2158 eorumque
1166 2090 1214 2140 to·

138 2185 149 2192 ·
188 2166 225 2222 tis
244 2162 391 2222 tenoribus
412 2160 544 2222 babenda
566 2157 647 2223 estet
665 2162 694 2220 in
716 2160 913 2240 praesentibus
936 2163 1042 2222 mentio
1064 2165 1213 2242 specialis,

189 2259 221 2308 et
238 2267 309 2326 quae
323 2247 520 2326 praesentibus
534 2247 662 2307 volumus
676 2245 784 2306 babere
798 2245 851 2325 pro
866 2246 1042 2306 sufficienter
1055 2253 1213 2328 expressis,

127 2371 131 2388 .
188 2335 351 2412 ceterisque
375 2334 527 2392 contrariis
550 2331 771 2411 quibuscunque.
807 2330 887 2391 Nulli
908 2350 990 2409 ergo,
1014 2343 1071 2392 etc.
1108 2332 1213 2396 Datum

188 2417 297 2478 Romae
319 2415 394 2495 apud
416 2428 545 2478 sanctum
566 2417 695 2488 Petrum,
718 2436 792 2476 anuo
816 2414 1025 2476 incarnationis
1048 2416 1213 2481 dominicae

191 2507 284 2564 stan.
303 2511 405 2560 octasm
424 2499 490 2560 ldus
508 2501 614 2570 Martii,
637 2500 822 2560 pontificatus
841 2503 930 2560 nostri
953 2499 1091 2562 secundo.

292 2649 507 2714 GREGORlUS
526 2653 564 2726 Χ.
587 2651 627 2712 ΙΝ
646 2651 827 2714 CONClLIO
845 2651 1107 2716 LUGDUNENSI.

129 2782 131 2787 ·
221 2757 263 2804 Ex
282 2757 363 2806 Sexto
378 2757 551 2806 ucsmtalinm
569 2757 612 2806 lib.
630 2760 657 2817 l.‚
676 2758 716 2806 tit,
733 2758 776 2804 Vl.
796 2756 826 2804 dc
845 2758 971 2806 electione
989 2760 1015 2804 et
1033 2757 1111 2804 electi
1129 2772 1177 2818 po-

578 2828 679 2886 testate,
703 2838 759 2884 cap.
778 2825 818 2872 14.

502 2901 576 2958 (Sese.
585 2901 642 2948 vll.
661 2905 689 2946 de
698 2902 791 2945 reform.
802 2913 854 2958 esp.
863 2905 893 2957 8.)

272 3010 357 3070 Licet
375 3030 478 3082 canon,
501 3031 518 3070 a
536 3011 630 3072 felicis
648 3009 858 3071 recordatiouis
876 3009 1042 3074 Alexandro
1061 3009 1139 3090 Papa
1158 3011 1213 3072 111.

187 3093 413 3175 praedecessore
432 3106 531 3156 nostro
549 3095 655 3168 editus,
678 3099 754 3156 inter
776 3107 875 3173 cetera
896 3098 1043 3168 statuerit,
1069 3106 1100 3156 ut
1118 3097 1214 3160 nullus

185 3181 316 3258 regimen
334 3182 479 3242 ecclesiae
501 3182 673 3260 parochialis
695 3181 849 3259 suscipiat,¹
872 3183 926 3242 nisi
943 3183 1110 3260 'vigesimum
1129 3173 1213 3262 quin-¹

183 3276 245 3324 bam
265 3267 368 3326 aetatis
385 3285 487 3326 annum
505 3266 706 3344 attigerit,.ac
728 3267 850 3326 scientia
872 3277 903 3326 et
919 3267 1045 3328 moribus
1063 3286 1213 3328 comman-

186 3348 296 3414 dandus
323 3352 457 3421 exsistat,
484 3349 615 3436 quodque
643 3353 707 3411 talis
729 3349 763 3412 ad
787 3353 915 3430 regimn
937 3361 1094 3432 assumptus
1112 3352 1212 3413 buius·

187 3434 274 3505 modi,
293 3437 318 3494 si
335 3435 458 3496 monitus
476 3456 532 3494 non
551 3437 640 3497 luerit
660 3437 788 3515 praefixo
812 3457 829 3498 a
852 3438 1008 3498 canonibus
1031 3447 1160 3518 tempere
1180 3440 1211 3497 in

185 3519 386 3598 presbyterum
405 3520 560 3592 ordinatus,
579 3541 597 3580 a
615 3523 760 3600 regiminis
778 3521 905 3602 eiusdem
923 3522 1210 3598 amoveaturofficio,

185 3612 218 3661 et
236 3602 284 3661 alii
302 3606 483 3678 conlocatum
503 3608 568 3685 quia
585 3617 679 3668 umen
697 3609 726 3666 in
745 3607 946 3668 observatione
965 3610 1082 3668 canonis
1101 3627 1212 3670 memo-

187 3689 243 3746 rati
269 3704 300 3744 sc
329 3691 408 3748 multi
434 3689 571 3751 exhibent
596 3692 790 3771 negligentes:
818 3713 869 3753 nos
887 3695 1076 3774 periculosam
1095 3693 1210 3758 illorum

187 3770 390 3846 negligentiam
408 3774 537 3838 volentes
555 3776 624 3836 iuris
637 3779 823 3838 exsecutione
836 3780 972 3858 suppleri,
993 3779 1139 3860 praesenti
1157 3777 1210 3840 de-

189 3863 271 3912 creto
289 3857 445 3928 statuimus,
464 3869 495 3916 nt
512 3861 603 3928 nullus
620 3860 658 3922 ad
675 3862 803 3940 regimen
815 3867 989 3944 parochialis
1003 3868 1146 3929 ecclesiae
1162 3853 1209 3926 asss
