2654 4334
204 263 211 274 ‘
267 255 941 316 DAMNATlOERRORUMldNSENlL
1040 255 1161 320 m.
1231 325 1243 350 ι

84 399 236 474 lenscat'c',
263 402 398 481 epabcspi
415 399 569 482 l'prcasa‘s,
597 401 673 462 inter
698 400 769 461 alias
795 402 857 462 eius
879 402 1028 482 opiniones
1051 412 1115 464 orta

84 490 193 560 buerit,
222 487 391 568 praesertim
417 487 447 546 ia
469 485 582 560 Galliis,
611 488 808 547 controversia
828 507 917 568 super
937 489 1059 569 quinque
1078 507 1116 550 ex

84 575 162 636 illis:
192 572 354 653 complures
379 569 532 631 Galliarum
556 574 684 652 episcopi
707 570 780 652 apud
804 591 856 632 nos
878 573 1057 646 institerunt,
1083 582 1117 634 nt

85 656 208 723 easdem
226 657 439 738 propositiones
457 655 540 716 nobis
558 657 669 718 oblatas
682 656 919 738 expenderemus,
937 677 972 718 ac
991 657 1027 719 dc
1045 679 1116 721 uua·

85 761 203 826 quaque
231 761 328 802 earnm
355 752 463 802 sermm
495 753 525 803 et
555 744 734 824 perspicuam
764 743 904 805 ferremus
934 745 1115 817 sententiam.

84 831 190 891 'l'ennr
206 846 277 887 vero
295 828 487 907 praelatarum
506 828 730 910 propositionum
750 838 795 888 est
811 839 897 908 prout
914 831 1050 908 sequitur.

177 910 323 992 leslliqna
345 911 399 972 Dei
426 924 582 994 praccepta
608 911 767 972 bominibus
792 913 873 972 iustis
898 913 1059 974 volentibus
1086 924 1117 980 ct

87 995 277 1069 conantibus,
295 995 449 1056 seeundum
468 1008 635 1076 praesentes
658 1017 726 1077 qnos
745 998 851 1058 babent
866 999 957 1068 vires,
980 1009 1045 1059 sunt
1062 1001 1115 1058 inn-

87 1081 256 1165 possibilia3
276 1081 359 1142 deest
377 1101 488 1162 quoqne
507 1081 564 1142 illis
582 1085 685 1162 gratia,
704 1103 758 1162 qua
776 1083 925 1162 possibilia
942 1085 1020 1144 liant.

179 1167 219 1228 ll.
239 1166 374 1228 interiori
393 1169 504 1247 gratias
522 1169 551 1227 in
570 1179 644 1228 statu
663 1179 782 1228 naturae
800 1169 896 1248 lapsae
911 1189 1049 1249 nunqnam
1069 1189 1116 1230 re·

87 1256 214 1316 sistitur.
1133 1275 1163 1284 ·’

180 1337 232 1398 lll.
249 1336 296 1398 Ad
320 1335 484 1404 merendum
507 1348 537 1398 et
559 1335 762 1400 demerendum
784 1339 812 1398 iu
835 1349 910 1400 statu
933 1351 1051 1402 naturam
1076 1341 1117 1399 la·

88 1443 162 1505 puae
177 1443 234 1484 nnn
248 1424 402 1502 aquiritur
414 1423 444 1482 ia
457 1423 573 1486 bomine
586 1423 706 1487 libertas
718 1443 740 1491 a,
749 1426 932 1496 necessitate,
947 1423 997 1486 sed
1012 1425 1118 1486 sufficit

89 1510 211 1570 libertas
227 1529 247 1568 a
265 1509 428 1570 coactione.
784 1569 789 1574 ,

182 1593 230 1652 lV.
251 1591 473 1673 semipelagiani
496 1592 684 1656 admittebant
705 1594 917 1674 praecedentis
939 1595 1051 1671 gratiae
1072 1597 1117 1654 in·

91 1679 212 1738 terioris
230 1680 431 1739 necessitatem
450 1677 488 1738 ad
505 1680 632 1758 singulos
650 1690 740 1751 actus,
760 1679 844 1738 etiam
863 1677 899 1738 ad
914 1681 1022 1740 initium
1039 1677 1115 1752 lidei,

91 1776 122 1824 ot
149 1765 180 1823 in
206 1764 263 1822 boc
291 1774 374 1824 erant
400 1763 549 1836 baeretici,
578 1763 652 1843 quod
680 1765 789 1824 vellent
810 1783 872 1824 eam
891 1766 1012 1843 gratiam
1031 1765 1116 1825 talem
1129 1775 1169 1818 sos

92 1868 173 1922 esse,
202 1849 248 1910 roi
270 1859 369 1929 posset
390 1848 511 1926 bumana
533 1849 664 1908 voluntas
686 1849 823 1908 resistere
841 1849 887 1910 vel
906 1849 1116 1930 obtemperare.

178 1928 215 1992 V.
236 1931 494 2016 semipelagianum
523 1944 569 1993 est
600 1932 709 2006 dicere,
740 1932 881 1993 Christum
907 1954 960 2014 pro
989 1934 1118 1994 omnibns

94 2021 210 2080 omnino
227 2019 389 2079 bominibus
408 2029 546 2080 mortuum
566 2037 629 2078 csse
649 2029 698 2078 aut
716 2020 880 2097 sanguinem
900 2018 1017 2078 fudisse.

180 2089 242 2165 llos
258 2105 358 2186 quibus
372 2105 448 2164 inter
460 2103 632 2184 multiplices
647 2123 740 2176 curas,
761 2123 832 2183 quae
851 2105 972 2164 animum
991 2114 1118 2164 nostrum

94 2184 209 2250 assidue
227 2189 348 2270 pulsant,
368 2189 416 2248 illo
434 2191 463 2248 in
481 2190 579 2269 primis
597 2187 678 2250 cordi
698 2200 751 2261 est,
770 2200 801 2248 ut
819 2190 944 2250 ecclesia
962 2187 1016 2250 ilci
1035 2189 1118 2252 nobis

94 2294 131 2334 ex
159 2276 219 2334 alto
247 2277 410 2345 commissa,
437 2276 565 2354 purgatis
596 2294 743 2353 pravarum
771 2275 933 2352 opinionum
961 2276 1116 2346 erroribus,
1182 2313 1186 2325 -

94 2371 157 2420 tuto
175 2361 309 2431 militare,
327 2371 359 2420 et
375 2371 507 2439 tanquam
525 2361 605 2419 navis
623 2363 651 2419 in
670 2361 823 2439 tranquillo
842 2363 912 2420 mari
931 2359 1038 2422 sedatis
1057 2381 1117 2420 om·

95 2446 172 2504 nium
197 2455 397 2526 tempestatum
423 2445 555 2505 ductibus
581 2465 616 2506 ac
642 2445 779 2526 procellis
802 2465 904 2506 secure
923 2447 1068 2526 navigare,
1088 2455 1119 2506 et

96 2528 131 2590 ad
152 2541 279 2610 optatum
298 2530 398 2591 salutm
414 2541 526 2610 portum
544 2533 695 2610 pervenire
714 2535 813 2612 possit,
832 2551 885 2612 pro
904 2534 947 2592 rei
965 2535 1116 2611 gravitate,

94 2633 194 2676 noram
212 2616 351 2695 aliquibus
368 2627 486 2676 sanctae
500 2615 646 2676 Romnae
662 2617 805 2678 ecclcsiae
825 2615 1016 2678 cardinalibus
1034 2616 1070 2677 ad
1088 2616 1117 2676 id

94 2701 265 2781 specialiter
278 2703 390 2781 saepius
410 2703 605 2780 congregatis,
623 2721 658 2760 ac
677 2703 803 2780 pluribus
821 2705 849 2760 in
868 2720 952 2762 sacra
969 2704 1117 2780 tbeulogia

94 2787 250 2866 magistris,
269 2785 384 2846 easdem
399 2788 520 2866 quiaque
535 2788 755 2866 propositiones,
774 2797 917 2866 utsupra,
936 2787 1019 2846 nobis
1037 2787 1117 2845 obla-

95 2882 138 2932 tas
158 2871 279 2932 lecimus
297 2871 458 2950 singulatim
482 2870 636 2950 diligenter
654 2871 823 2941 examinari,
843 2890 998 2948 eorumque
1017 2871 1119 2930 suffra·

93 2959 142 3036 gin
160 2967 218 3016 tum
232 2976 304 3017 vnce
319 2968 376 3018 tum
386 2959 494 3036 scripto
505 2958 595 3016 relata
606 2966 714 3016 mature
726 2954 976 3026 consideravimus,
986 2953 1119 3014 eosdem·

93 3061 149 3122 qne
160 3043 324 3120 magistros,
334 3041 423 3102 variis
431 3061 528 3102 coram
539 3041 621 3102 nobis
631 3043 703 3100 actis
714 3040 995 3120 congregationibus,
1006 3042 1117 3122 prolixe

94 3146 183 3207 snper
204 3124 310 3187 eisdem
334 3147 369 3186 ae
387 3146 473 3205 super
491 3146 587 3186 earum
610 3127 736 3206 qualibet
754 3125 930 3186 disserentes
948 3126 1117 3188 andivimus.

182 3212 272 3286 Quum
290 3223 384 3272 autem
402 3213 437 3272 ab
461 3213 543 3272 initio
566 3210 761 3272 huiuscemodi
788 3209 972 3272 discussionis
990 3210 1026 3270 acl
1046 3210 1118 3272 divi·

94 3316 160 3358 uum
180 3296 386 3376 implorandum
408 3297 541 3357 auxilium
564 3298 713 3357 multorum
733 3297 839 3358 Cbristi
861 3296 985 3356 fidelium
1004 3315 1117 3376 preces,

94 3392 152 3441 tum
177 3384 322 3460 privatim,
346 3394 403 3442 tum
425 3383 539 3462 publice
562 3381 777 3454 indixissemus,
806 3380 983 3461 postmodum
1006 3383 1118 3440 iteratis

95 3465 204 3527 eisdem
223 3469 388 3539 ferventius,
412 3485 446 3526 ac
465 3487 517 3546 per
535 3487 586 3527 nos
605 3468 728 3527 sollicite
747 3469 897 3547 implorata
915 3469 1006 3527 sancti
1026 3464 1119 3547 Spirl·
1247 3495 1255 3506 ν
1282 3485 1286 3493 ’

95 3561 140 3612 tus
159 3553 338 3624 assistentia,
365 3551 479 3613 tandem
503 3552 597 3612 divino
621 3555 733 3612 numine
756 3553 870 3614 favente
894 3552 929 3612 ad
952 3553 1027 3612 inlra
1046 3555 1119 3613 scri·

95 3647 172 3716 ptam
192 3637 356 3698 devenimus
375 3639 598 3698 declarationem
618 3650 647 3697 et
665 3637 868 3698 definitionem.

181 3722 302 3783 Primam
320 3722 530 3803 praedictarum
552 3725 791 3804 propositionum:
822 3723 928 3804 Aliqua
953 3723 1008 3784 Dei
1034 3747 1120 3806 prae·

96 3819 184 3888 cepta
194 3809 353 3869 bominibus
367 3810 448 3868 iustis
461 3807 621 3870 volentibus
632 3820 663 3869 et
673 3810 850 3882 conantibus,
869 3809 1022 3871 secundum
1032 3831 1118 3890 prae-

94 3904 194 3954 sentes
213 3913 282 3974 quas
300 3895 406 3956 babent
422 3895 513 3967 vires,
533 3906 597 3956 sunt
614 3895 813 3976 impossibilia,
832 3894 914 3957 deest
932 3913 1043 3976 quoque
1062 3898 1120 3958 illis
