2654 4334
89 354 104 384 ·
212 283 292 352 aas
392 247 846 343 nnnnnnonnnonnn
868 277 1066 338 nauseant

97 411 103 428 ⁸
215 423 317 503 gratia,
338 437 391 505 qne
409 422 556 503 possibilia
575 421 658 482 dant:
678 423 869 494 temerariam,
887 421 1012 502 impiam,
1030 421 1231 503 blasphemam,

215 510 395 658 ,lfflffie
415 507 572 569 damnatam
589 521 623 568 et
640 508 815 570 haereticam
833 505 1023 580 declaramus,
1042 518 1074 570 at
1091 509 1133 568 nti
1150 508 1233 568 talem

302 712 478 776 Secundam
498 714 631 776 luteriori
649 715 760 792 gratiae
778 715 807 772 in
826 724 900 773 statu
918 723 1036 773 naturae
1055 713 1153 792 lapsae
1168 733 1235 772 nun·
1313 707 1314 747 Ὗ

217 821 298 882 quam
313 801 470 860 resistitur:
489 799 663 859 haereticam
679 797 865 868 declaramus,
880 799 959 858 etuti
969 799 1055 859 talem
1065 797 1235 859 damnamus.

300 921 442 980 Tertiam:
459 917 507 978 Ad
526 918 691 980 merendum
710 929 740 978 et
757 916 958 979 demerendum
977 920 1005 979 in
1024 928 1101 978 statu
1119 929 1236 979 naturae
1314 966 1315 976 ,

216 1007 314 1086 lapsae
333 1025 389 1065 non
408 1005 564 1084 requiritur
589 1005 618 1064 in
645 1005 758 1063 bomine
787 1003 905 1064 libertas
931 1023 948 1062 a
974 1006 1161 1076 necessitate,
1188 1001 1238 1064 sed

217 1091 324 1150 sufficit
346 1090 463 1149 libertas
486 1109 504 1148 a
527 1091 695 1150 coactione:
728 1089 902 1149 haereticam
926 1085 1120 1161 declaramus,
1148 1090 1240 1150 etuti

217 1176 304 1235 talem
323 1174 494 1234 damnamus.
1314 1185 1315 1188 ’

166 1305 205 1346 ⁴⁰¹
305 1295 453 1368 Quartam:
482 1292 707 1374 semipelagiani
731 1293 918 1354 admittebant
939 1295 1152 1373 praevenientis
1176 1313 1240 1373 grae
1313 1255 1314 1278 l

218 1382 275 1441 tiae
294 1382 440 1440 interioris
464 1381 665 1439 necessitatem
687 1377 725 1438 ad
747 1381 873 1457 singulos
896 1391 990 1451 actus,
1019 1381 1104 1439 etiam
1130 1378 1167 1439 ad
1189 1381 1241 1438 ini·

218 1466 287 1525 tinrn
306 1463 382 1537 lidei,
410 1474 441 1525 et
458 1466 486 1522 in
505 1465 560 1524 hoc
584 1475 667 1524 erant
684 1465 839 1537 baeretici,
867 1463 942 1544 quod
963 1463 1072 1524 vellent
1094 1483 1158 1525 eam
1177 1485 1241 1544 gra·
1313 1529 1314 1532 Ἴ

218 1552 287 1612 tiam
306 1551 391 1610 talem
410 1568 484 1622 esse,
504 1551 551 1609 cni
568 1560 668 1629 posset
684 1549 806 1609 hnmana
823 1550 953 1610 voluntas
971 1545 1108 1630 resistere
1126 1551 1173 1610 vel
1193 1549 1242 1609 cb·

219 1647 396 1715 temperare:
424 1634 524 1695 falsam
555 1645 585 1695 ct
610 1635 784 1698 haereticam
812 1634 1003 1707 declaramus,
1031 1647 1061 1695 et
1088 1637 1130 1695 uti
1158 1637 1240 1695 talem

219 1720 394 1781 damnamus.

306 1841 451 1914 Quintam:
473 1838 731 1920 Semipelagianum
750 1852 794 1900 est
811 1839 924 1913 dicere,
949 1840 1092 1900 Christum
1110 1860 1165 1920 pro
1184 1860 1241 1900 cm·

221 1927 303 1985 nibus
321 1927 435 1996 omnino
455 1925 614 1986 bominibus
632 1936 771 1985 mortuum
791 1945 853 1986 esse
873 1937 922 1985 aut
939 1927 1105 2004 sanguinem
1120 1923 1241 1986 fudisse:

220 2012 335 2082 falsam,
353 2012 550 2082 temerariam,
569 2010 780 2082 scandalosam,
799 2022 829 2070 et
846 2011 1020 2084 intellectam
1040 2029 1075 2069 eo
1093 2029 1196 2082 sensu,
1214 2020 1242 2069 nt
1315 2040 1316 2050 κ

222 2096 351 2157 Christus
378 2116 430 2176 pre
458 2096 548 2156 salute
576 2094 715 2156 duntaxat
739 2095 1015 2177 praedestinatorum
1042 2095 1172 2155 mortuns
1198 2097 1241 2166 sit,

222 2183 344 2260 impiam,
363 2181 565 2260 blasphemam,
586 2182 828 2252 contumeliosam,
849 2180 960 2241 divinae
978 2181 1080 2260 pietati
1100 2179 1240 2260 derogem
1316 2175 1317 2184 ’

223 2277 278 2326 tem
298 2275 328 2325 et
345 2266 521 2324 haereticam
541 2263 727 2337 declaramus,
748 2269 835 2326 etuti
854 2267 940 2326 talem
959 2264 1131 2325 damnamus.

218 2427 220 2434 ·
306 2384 473 2444 blandamus
487 2388 576 2463 igitur
590 2387 717 2446 omnibus
728 2385 833 2446 Christi
848 2385 978 2446 lidelibus
992 2387 1139 2465 utriusque
1149 2405 1240 2455 sexus

221 2490 259 2530 ne
279 2468 314 2528 de
333 2468 418 2528 dictis
436 2471 679 2548 propositionibus
697 2472 814 2542 sentiro,
834 2470 951 2542 docere,
970 2468 1142 2551 praedicare
1160 2472 1243 2533 aliter

222 2564 412 2634 praesumant,
432 2572 514 2631 qnam
532 2556 560 2615 in
578 2554 633 2613 bne
652 2556 797 2633 praesenti
815 2567 913 2616 nostra
930 2555 1127 2618 declaratione
1146 2567 1178 2616 et
1196 2555 1243 2616 dc·

124 2647 127 2653 '
222 2639 351 2700 linitione
371 2639 548 2710 continetur,
571 2637 622 2697 snb
646 2641 775 2702 censuris
793 2651 824 2700 et
841 2642 942 2722 poenis
961 2651 1061 2702 contra
1079 2641 1242 2702 haereticos

221 2735 368 2784 eteorum
387 2723 516 2784 lautores
534 2724 563 2783 in
582 2726 643 2785 iure
662 2727 816 2804 expressis.

307 2843 501 2922 Praecipimus
524 2845 634 2924 pariter
656 2845 784 2905 omnibus
806 2847 986 2925 patriarchis,
1005 2845 1240 2925 archiepiscopis,
1315 2841 1316 2874 ³

221 2931 365 3010 episcopis
383 2929 502 3008 aliisque
522 2929 649 2989 locorum
668 2929 830 3003 ordinariis,
849 2951 903 2991 nec
923 2951 978 2990 non
992 2931 1159 2991 haereticae
1177 2949 1242 3009 pra·

220 3017 317 3076 vitatis
340 3013 570 3094 inquisitoribus,
598 3025 629 3074 ut
652 3015 881 3076 contradictores
904 3027 934 3076 et
956 3016 1080 3078 rebelles
1103 3035 1242 3095 quoscun-

222 3120 276 3179 que
294 3119 348 3180 per
366 3119 501 3160 censuras
520 3109 550 3159 et
567 3119 675 3179 poenas
693 3100 856 3181 praedictas
871 3112 1025 3181 ceteraque
1043 3103 1113 3161 iuris
1127 3110 1159 3161 et
1176 3101 1242 3161 laeti

220 3183 349 3244 remedia
377 3195 546 3263 opportuna,
573 3187 706 3244 invocato
735 3188 820 3246 etiam
847 3186 882 3245 ad
905 3186 971 3258 boc,
999 3189 1022 3246 si
1050 3205 1120 3266 opus
1148 3187 1241 3256 luerit,

221 3272 327 3330 auxilio
346 3270 454 3329 brachii
474 3270 639 3342 saecularis,
664 3273 777 3330 omnino
797 3283 954 3332 coerceant
971 3283 1001 3332 et
1019 3281 1213 3352 compescant.

307 3389 374 3449 Non
392 3386 573 3449 intendentes
593 3401 687 3450 tamen
710 3411 762 3470 per
779 3392 852 3452 hanc
872 3391 1097 3458 declarationem
1120 3400 1152 3452 et
1175 3389 1241 3450 deli·

222 3477 359 3536 nitioncm
378 3493 463 3553 super
480 3473 636 3553 praedietis
660 3478 781 3556 quinque
805 3477 1047 3557 propositionibus
1069 3477 1174 3538 iactam
1193 3493 1240 3554 ap·

222 3559 347 3636 probare
365 3560 506 3618 ullatenus
525 3561 596 3620 alias
620 3562 782 3638 opiniones,
807 3582 879 3642 quae
903 3564 1086 3622 confinentur
1108 3563 1137 3620 in
1160 3577 1240 3640 prae-
1314 3611 1315 3638 ,

223 3641 302 3702 dicto
320 3643 394 3701 libro
414 3642 542 3703 Cornelii
560 3645 695 3704 lansenii.

307 3743 409 3802 Datum
428 3745 535 3805 llomac
559 3746 633 3827 apud
651 3759 777 3809 sanctam
793 3749 914 3810 Mariam
932 3749 1081 3819 Maiorem,
1103 3766 1179 3807 anne
1196 3745 1240 3804 ln·
1314 3741 1315 3794 l

223 3828 400 3887 carnationis
418 3827 578 3890 dominicae
599 3837 690 3898 1653.
718 3825 809 3912 pridie
833 3834 963 3896 Kalend'
980 3833 1066 3905 lunii,
1089 3831 1240 3892 Pontifica-

221 3922 268 3972 tns
286 3912 376 3973 nostri
394 3930 468 3970 anne
487 3911 536 3972 lx.
1105 3997 1108 4004 ⁴
1314 3929 1315 3971 l
