2654 4330
185 220 269 314 ἰη
353 233 628 301 snssroxxv.
663 233 723 296 nn
746 232 846 286 one.
869 231 927 286 er
949 229 1090 302 suern,⁴¹
1136 277 1141 286 ,

191 376 589 457 antequamcontrnversienn
607 373 740 445 dirimat,¹
755 371 970 452 metropolitani
986 381 1017 430 et
1034 371 1217 452 comprovin-

193 465 308 524 cialium
335 464 535 542 episcoporum
562 461 592 521 in
619 459 743 520 concilio
770 457 941 536 provinciali
968 458 1140 519 sententiam
1166 475 1216 518 ex·

193 559 322 628 spectem
354 549 395 607 ita
416 557 525 620 umen,
550 553 585 604 ut
605 543 676 604 nihil
701 542 863 604 inconsulto
885 543 1064 602 sanctissimo
1087 541 1215 602 Romano

194 632 334 694 Pontilice
345 652 447 694 novum
457 639 507 693 aut
518 625 552 689 ¹in
570 629 697 690 ecclesia
714 628 852 688 hactenns
862 628 1023 688 inusitatum
1033 625 1215 688 decernatur.

313 809 367 854 nn
392 804 706 854 nnuunsnrous
732 782 784 848 nr
809 802 1095 850 nonrenrnns.

280 903 389 964 Eadem
408 912 593 962 sacrosancta
611 899 750 980 synodus,
779 901 1012 972 reformationem
1030 917 1220 979 proseqrmne,

194 1009 240 1066 ea,
260 998 514 1068 praesequantur,
533 985 683 1046 statuenda
701 1004 764 1044 esse
784 987 904 1060 censuit.

194 1127 222 1174 (l.
239 1127 257 1172 l.
276 1125 420 1186 Regulares
437 1136 522 1174 omnes
540 1123 576 1170 ad
589 1123 701 1186 regulae,
719 1136 795 1186 quam
809 1122 927 1188 profesti
942 1128 1011 1184 runt,
1025 1123 1222 1182 praescriptum
1313 1135 1314 1152 t

302 1195 384 1240 eitam
398 1191 560 1251 instituantp
578 1190 607 1237 id
622 1197 653 1239 nt
662 1188 722 1250 fiet
737 1192 883 1251 repertores
900 1187 987 1237 sedulo
1005 1200 1104 1238 curent.

281 1275 419 1348 Quoniam
441 1295 498 1334 non
520 1275 637 1353 ignorat
658 1285 758 1334 sancta
780 1272 919 1352 synodus,
948 1283 1080 1353 qnantum
1104 1293 1141 1332 ex
1160 1293 1219 1333 mo·

99 1373 102 1382 ’
195 1361 329 1420 nasteriis
350 1362 398 1439 pie
421 1361 556 1420 institutis
582 1370 613 1420 et
634 1370 716 1419 recte
739 1357 942 1418 administratis
964 1359 992 1418 in
1014 1359 1142 1419 eeclesia
1165 1358 1220 1418 Dei

195 1443 355 1526 splendoris
382 1455 467 1524 atque
494 1445 625 1504 utilitatis
652 1446 775 1516 oriatur,
803 1445 995 1503 necessarium
1014 1462 1078 1504 esse
1098 1446 1219 1514 censuit,

76 1577 82 1586 .
141 1545 182 1588 nse
197 1549 252 1610 qno
275 1530 387 1589 iacilius
405 1549 440 1590 ac
463 1530 614 1602 maturius,
641 1529 689 1588 nbi
708 1529 834 1607 collapsa
852 1538 909 1604 est,
927 1538 1013 1587 vetus·
1029 1540 1059 1588 et
1076 1531 1220 1608 regularis

195 1615 347 1694 disciplina
364 1615 546 1686 instauretur,
566 1624 596 1674 et
614 1616 807 1685 constantius,
826 1613 875 1672 ulti
893 1624 1062 1674 conservata
1080 1625 1134 1686 est,
1154 1634 1222 1694 per-

194 1709 324 1771 severet,
351 1701 535 1779 praecipere,
560 1709 648 1778 prout
674 1699 730 1758 hoc
753 1697 872 1758 decreto
890 1701 1045 1779 praecipit,
1072 1711 1105 1759 ut
1123 1718 1222 1759 omnes

194 1785 358 1864 regulares,
377 1793 434 1845 tam
451 1785 506 1844 viri
524 1804 606 1864 quam
625 1785 774 1856 mulieres,
792 1782 830 1843 ad
848 1783 975 1864 regulae,
988 1792 1078 1863 'qnam
1095 1786 1222 1867 professi

196 1877 274 1942 sunt,
302 1870 509 1950 praescriptum
535 1871 622 1928 vitam
641 1870 790 1929 instituant
816 1879 845 1929 et
874 1880 1058 1950 componant,
1086 1881 1174 1950 atque
1192 1872 1221 1930 in

194 1955 292 2036 primis
320 1973 392 2036 quae
423 1953 461 2014 ad
492 1974 560 2015 suae
585 1956 774 2034 professionis
803 1955 1025 2034 perlectionem,
1042 1949 1045 1956 '
1062 1965 1093 2014 ut
1120 1955 1222 2015 obedi·
1317 1995 1318 2022 1

194 2042 291 2101 entiae
301 2043 344 2116 ¹),
370 2041 547 2120 paupertatis
571 2050 600 2099 et
623 2041 777 2112 castitatis,
805 2041 886 2100 acsi
910 2059 981 2119 qnae
1005 2040 1061 2100 alia
1085 2051 1151 2100 sunt
1169 2043 1222 2101 ali-

195 2127 275 2186 cuius
302 2125 421 2204 regulae
448 2135 479 2185 et
506 2122 615 2184 ordinis
641 2125 800 2205 peculiaris
825 2135 893 2184 vota
920 2136 950 2184 et
975 2137 1147 2206 praecepta,
1186 2125 1222 2186 ad
1318 2154 1319 2162 ¹

196 2230 297 2271 eornm
315 2211 478 2290 respective
497 2211 664 2281 essentiam,
692 2229 746 2270 nec
773 2229 830 2268 non
856 2208 893 2268 ad
921 2229 1096 2272 communem
1123 2213 1221 2283 vitam,

193 2296 300 2356 victum
317 2305 347 2355 et
364 2297 497 2356 vestitum
516 2293 711 2356 conservanda
728 2296 901 2375 pertinentia
917 2291 1042 2355 fideliter
1056 2295 1221 2357 observent.

194 2379 348 2460 Omnisque
372 2401 441 2441 cura
459 2391 490 2439 et
507 2377 656 2458 diligentia
675 2400 691 2438 a
710 2379 905 2460 superioribus
923 2379 1095 2442 adhibeatur
1115 2392 1175 2442 tam
1194 2385 1223 2444 in

170 2465 327 2545 'capitulis
350 2463 533 2543 generalibus
556 2474 587 2523 et
612 2465 848 2542 provincialibus,
877 2485 957 2544 quam
981 2467 1010 2524 in
1032 2485 1131 2526 eornm
1154 2469 1223 2528 visi·

193 2547 364 2621 attonitus,
397 2567 469 2628 quae
497 2549 555 2607 suis
583 2549 756 2628 temporibus
778 2551 876 2610 lacere
900 2569 957 2610 non
978 2554 1222 2631 praetermittant,

194 2644 226 2693 nt
248 2633 283 2692 nh
307 2632 363 2691 illis
386 2651 442 2692 non
465 2631 634 2706 recedatur3
660 2654 742 2712 quum
767 2645 940 2715 compertum
964 2637 1014 2708 sit,
1042 2638 1078 2697 al)
1102 2639 1145 2698 eis
1164 2658 1223 2698 non

192 2736 279 2797 posse
299 2734 347 2790 ea,
372 2736 444 2797 quae
467 2714 504 2777 ad
526 2718 712 2778 substantiam
736 2721 877 2799 regularis
893 2723 970 2780 vitae
989 2724 1150 2799 pertinent,
1173 2743 1223 2783 re·

103 2801 107 2807 ’
195 2804 296 2862 laxari.
342 2799 375 2862 Si
397 2805 472 2863 enim
495 2803 558 2878 illa,
586 2823 659 2885 quae
682 2805 765 2864 bases
788 2815 852 2864 sunt
875 2816 905 2864 et
926 2804 1109 2867 fundamenta
1132 2810 1224 2868 totins

125 2885 134 2892 ’
194 2889 336 2966 regularis
362 2887 546 2970 disciplinae,
575 2899 677 2949 exacte
705 2909 762 2948 non
788 2890 896 2949 luerint
918 2888 1104 2964 conservata,
1129 2903 1223 2962 totum

194 2984 312 3034 corruat
329 2972 491 3034 aedilicium
510 2994 630 3035 necesse
649 2985 702 3034 cst.

335 3113 364 3158 c.
383 3113 414 3160 11.
449 3112 604 3174 Proprietas
621 3113 783 3175 regularibus
800 3113 900 3160 omnim
914 3113 1076 3173 prohibetur.

197 3211 200 3216 “
279 3195 395 3258 Nemini
418 3197 505 3274 igitur
522 3197 709 3276 regularium,
732 3205 789 3257 tam
810 3200 936 3257 virorum
960 3217 1042 3276 qnam
1060 3199 1222 3270 mulierum,

188 3281 285 3341 ,liceat
300 3279 377 3340 bona
393 3281 549 3341 immobilia
565 3282 611 3342 vel
630 3281 759 3354 mobilis,
783 3283 978 3362 cuiuscunque
995 3284 1140 3362 qualitatis
1159 3284 1223 3344 ine·

192 3367 267 3438 nint,
286 3367 372 3426 ctiam
396 3368 495 3444 quovis
517 3365 603 3426 modo
621 3367 657 3448 ab
676 3368 718 3426 eis
731 3367 889 3446 acquisita,
913 3378 1045 3448 tanquam
1063 3370 1220 3449 proprin²t

195 3460 247 3542 snt
262 3453 349 3510 etiam
367 3451 481 3510 nomine
500 3463 656 3513 conventus
674 3451 826 3532 possidere
846 3454 893 3513 vel
911 3463 1027 3526 tenere3
1050 3451 1103 3514 sed
1125 3454 1222 3514 statim

193 3551 230 3592 ea
250 3535 392 3611 superiori
410 3535 572 3609 tradantur,
592 3539 801 3617 conventuique
819 3538 1050 3618 incorporentur.
1086 3537 1151 3599 Nec
1170 3537 1220 3598 de·

196 3705 409 3722 ,,-,..-..-.

248 3781 325 3826 Sans.
343 3782 422 3827 XXV.
450 3783 516 3878 ipsi.
532 3788 582 3832 el.
596 3785 664 3830 dev.
674 3785 699 3833 S,
714 3787 738 3830 in
749 3785 821 3832 clem.
831 3787 861 3832 V.
871 3792 903 3832 tl.
918 3786 1003 3843 (clem
1013 3746 1092 3884 [pff
1116 3789 1142 3842 ²)
1155 3786 1187 3832 el.
1200 3801 1221 3832 e.

196 3832 637 3938 psittdffljteeottst(lpppnopnplfjffl.
647 3849 684 3892 qn.
691 3841 710 3881 t.
721 3839 767 3882 et.
777 3837 809 3881 X.
820 3839 849 3883 de
859 3843 922 3884 stetu
932 3839 1035 3884 monaci.
1097 3841 1131 3882 tt.
1141 3842 1221 3896 (conc-
