2654 4330
151 225 408 302 snssaoxmn.
428 233 542 300 sunu.
559 205 904 299 oonnoorssoouo.
919 239 1006 296 sua
1042 242 1122 300 m

89 409 160 472 prae
184 407 216 448 se
240 387 349 457 ierant,
378 376 411 444 in'
430 403 512 467 quam
535 386 630 445 vocati
653 394 718 444 sunt
739 387 843 445 inuno
863 405 995 466 corpore.
1042 383 1123 446 Hanc

95 497 164 554 ergo
183 493 242 532 non
262 473 424 543 humanam,
452 469 504 530 sed
523 468 646 550 Spiritus
663 473 755 531 sancti
772 489 873 532 vocem
896 469 1058 541 audientes,
1087 489 1123 531 na
1188 501 1189 504 ¹

96 561 237 622 obdurent
261 556 350 617 corda
373 559 485 631 sua1),
511 555 562 616 sed
585 558 614 616 iu
638 573 689 615 suo
713 573 799 616 seusu
816 577 873 615 uon
892 555 1070 616 ambulantes
1082 557 1123 632 ²),

96 665 184 726 neque
199 643 257 704 sibi
275 643 476 722 placentesi),
496 640 532 702 ad
551 653 607 702 tam
626 642 699 722 pians
719 651 749 702 et
767 641 919 702 salutarem
939 643 1123 701 matrissuae

95 731 318 792 admonitionem
355 730 518 788 excitentur
553 737 583 786 et
614 738 827 787 convertantur.
881 726 1018 786 Omnibus
1048 727 1123 786 enim
1172 765 1174 770 ·

97 818 221 877 caritatis
246 814 348 873 officiis
375 823 474 872 sancta
501 811 626 892 synodus
654 828 705 872 eos
732 823 762 873 ut
788 814 903 885 invitat,
929 814 971 873 lta
998 812 1157 894 comple,

92 911 195 962 otetur.

177 987 302 1065 Insuper
320 979 421 1044 cadens
438 993 540 1042 saneta
558 981 684 1062 synodus
702 980 846 1055 decrevit,
875 982 960 1043 fidam
981 981 1124 1063 publicam

95 1073 371 1151 incongregatione
390 1069 519 1148 generali
539 1067 661 1127 concedi
679 1087 779 1148 posse,
808 1080 838 1129 et
855 1068 976 1130 eandem
993 1069 1050 1128 uim
1073 1067 1125 1126 ba-

97 1158 229 1228 bituram,
259 1154 444 1234 eiusdemque
468 1153 582 1213 roboris
605 1165 635 1212 et
657 1157 791 1214 momenti
819 1156 955 1226 futuram,
983 1171 1017 1214 ae
1045 1155 1069 1213 si
1096 1155 1125 1212 ia

98 1243 206 1322 publica
225 1243 358 1302 sessione
377 1239 445 1301 data
462 1251 493 1298 et
511 1238 631 1298 decreta
649 1240 759 1302 fuisset.
1096 1239 1108 1256 ⁸

438 1369 540 1414 Indictio
554 1369 648 1414 futurae
662 1369 784 1414 sessionis.

177 1443 288 1507 Eadem
308 1455 494 1504 sacrosancta
511 1443 679 1505 Tridentino
698 1443 837 1524 synodus,
853 1447 881 1505 in
896 1444 1006 1524 Spiritu
1024 1453 1124 1503 sancto

97 1531 219 1611 legitime
245 1542 439 1610 coafflegata,
468 1530 696 1609 praesidentibus
720 1532 747 1589 in
767 1550 802 1590 ea
821 1530 929 1590 eisdem
948 1529 1125 1609 apostolicae

100 1615 171 1676 sedis
187 1619 308 1696 legatia,
327 1618 426 1675 statuit
439 1627 469 1675 et
487 1615 632 1686 deceruit,
652 1617 809 1694 proximam
828 1616 950 1675 futuram
969 1617 1126 1673 sessionem

100 1702 253 1763 babendum
269 1713 301 1762 et
315 1699 517 1762 celebrandam
533 1720 596 1760 esse
615 1702 689 1760 feria
708 1701 805 1780 quinta
823 1711 888 1781 post
906 1700 1126 1760 sacratissimum
1214 1753 1220 1760 .

95 1787 196 1846 iestum
213 1787 404 1848 Asceusioais
422 1787 550 1858 Domini,
570 1804 642 1866 quae
662 1787 718 1845 erit
736 1783 782 1845 die
800 1778 878 1845 XIV.
899 1787 1003 1846 mensis
1021 1777 1099 1845 Maii.

508 1943 718 1962 aa--a-d—-n

267 2053 271 2060 ·
337 2052 886 2114 sensuscouuucrus
940 2135 989 2150 Γ,
1141 2068 1223 2152 ιω1

500 2163 729 2214 coNcEssth

285 2261 653 2330 GERMANICAE
698 2260 941 2328 NATIONI

103 2377 474 2428 sucosansoaurosn
490 2373 1129 2425 osnnaanruusrvmsaruuonxrn

185 2487 380 2552 Sacrosaaota
399 2491 586 2552 oecumenica
604 2501 634 2550 et
651 2489 796 2568 generalis
810 2484 979 2551 Tridentino
993 2487 1129 2572 synodus,

104 2573 133 2632 *in
154 2571 261 2656 Spiritu
289 2587 389 2636 sancto
417 2575 543 2656 legitime
568 2587 760 2654 congregata,
788 2574 1020 2655 praesidentibus
1043 2577 1072 2644 in
1096 2594 1132 2634 ea

105 2653 208 2720 eisdem
226 2663 406 2744 apostolicae
424 2659 501 2724 sedis
525 2663 642 2740 legatis,
671 2662 810 2722 universis
834 2660 918 2722 fidem
941 2663 1028 2738 iacit,
1055 2657 1131 2739 quod

104 2743 229 2808 *omnibus
262 2759 293 2808 et
322 2747 442 2827 singulis
467 2747 680 2819 sacerdotibus,
717 2747 908 2819 electoribus,
941 2745 1129 2830 principibus,

104 2821 233 2908 ducibus,
253 2833 480 2905 marchionibus,
500 2829 664 2904 comitibus,
683 2829 852 2904 baronibus,
877 2835 1033 2903 nobilibus,
1057 2831 1132 2890 mili·

109 2913 223 2990 umbus,
250 2921 436 3001 popularibus
459 2930 489 2980 et
511 2921 574 2979 aliis
593 2920 806 2998 quibuscunque
824 2921 908 2991 viris,
937 2921 1131 2997 cuiuscunque

106 3006 192 3062 status
210 3015 240 3065 et
258 3004 432 3067 conditionis
450 3016 499 3064 aut
518 3003 662 3085 qualitatis
680 3006 834 3076 exsistant,
855 3004 1044 3066 Germanicae
1062 3023 1131 3083 pro·

109 3083 214 3148 vinciae
233 3101 264 3150 et
280 3091 404 3152 nationis
423 3090 599 3163 civitatibus,
619 3110 653 3152 ac
672 3087 736 3150 aliis
750 3091 822 3150 locis
837 3090 977 3162 eiusdem,
997 3100 1028 3150 et
1041 3090 1131 3150 omul-

112 3163 158 3228 bus
175 3169 236 3235 aliis
255 3177 462 3238 ecclesiasticis
481 3188 511 3236 et
528 3175 737 3250 saecularibus,
757 3179 927 3256 praesertim
944 3175 1130 3256 Augustanus

113 3255 308 3334 confessionis,
335 3263 481 3341 personis,
510 3265 557 3342 qui
580 3274 724 3343 autquae
747 3280 888 3324 unacum
916 3264 984 3342 ipsis
1011 3260 1048 3321 ad
1074 3262 1130 3321 boc

111 3344 241 3412 senerata
267 3344 463 3412 Tridentiuum
492 3349 644 3408 concilium
670 3351 788 3408 venient
818 3361 867 3408 aut
898 3351 1059 3420 mittentur,
1096 3366 1130 3406 ac

116 3421 263 3498 protecturi
291 3447 354 3494 sunt
380 3446 429 3494 aut
455 3433 599 3512 hucusque
626 3446 780 3507 venerunt,
817 3453 985 3516 quocunque
1018 3435 1131 3494 nomine

115 3523 278 3590 censeantur
295 3531 344 3580 aut
365 3520 481 3581 valeant
502 3523 673 3599 nuncupari,
702 3531 803 3580 tenore
825 3523 1019 3600 praesentium
1040 3521 1133 3600 publi·

118 3607 173 3654 cam
195 3597 276 3663 fidem
299 3615 329 3664 et
350 3605 541 3685 plenissimam
564 3607 796 3687 verissimamque
823 3611 1021 3679 securitatem,
1051 3627 1132 3685 quam

116 3675 215 3744 salvum
231 3685 399 3752 conductum
415 3691 569 3772 appellant,
589 3690 679 3754 libere
695 3691 731 3754 ad
745 3695 821 3753 banc
837 3695 981 3778 civitatem
989 3681 1134 3753 Tridenti-

123 3797 321 3828 *Q—

123 3859 344 3964 xtl1'll,Xl¹¹¹·
368 3879 389 3930 ι)
399 3874 486 3924 raam.
496 3875 584 3921 xc1v.
595 3869 696 3924 simeon.
707 3875 753 3924 nu.
764 3878 894 3938 a-spa
905 3875 1134 3932 ruma-apaan.
1159 3839 1166 3876 ³
1222 3861 1225 3868 '
