2654 4330
139 285 396 342 sussroxmu.
415 239 992 342 ssnvscounucrcou'ouno
1030 281 1108 346 noa

91 423 284 486 luciformiter
308 423 393 484 etiam
419 423 492 494 vult,
522 433 564 495 ut,
592 423 617 482 si
645 425 789 502 quisquam
811 422 857 482 vel
880 421 965 502 aliqui
990 441 1026 480 ex
1049 422 1110 502 ipso

92 509 209 591 syuodo,
237 509 348 571 sivein
372 508 489 580 itinere,
517 518 566 568 aut
589 507 729 569 manendo
752 518 801 568 aut
822 506 970 569 redeundo
995 506 1110 586 aliquod

89 615 211 666 enorme,
231 593 307 674 qnod
320 594 409 668 absit,
419 594 542 672 egerint
555 604 605 653 aut
619 595 826 667 commiserint,
846 613 900 673 quo
915 605 1014 674 posset
1028 594 1109 658 huius

91 681 151 741 fidei
167 680 300 760 publicae
319 690 350 739 et
367 680 589 740 assecurationis
607 679 777 740 beneficium
799 679 902 739 violari
925 689 974 740 aut
996 697 1109 758 quoquo

91 766 167 826 modo
190 766 268 838 tolli,
296 767 325 826 iu
342 761 503 824 huiusmodi
521 765 651 824 facinore
671 763 844 845 deprehensi
862 766 898 824 als
917 767 979 846 ipsa
997 763 1109 844 synodo

87 851 232 923 duntaxat,
253 861 284 911 et
300 870 358 910 non
371 849 407 908 als
422 851 501 920 aliis,
522 848 667 929 condigna
683 849 930 912 animadversione
945 848 1110 914 sternenda

89 937 243 1009 sufficienti,
274 954 328 1014 per
353 946 464 1015 partem
491 933 669 996 dominorum
694 934 900 998 Germanorum
922 934 1109 1015 Augustusne

87 1023 284 1093 confessionis,
314 1032 381 1082 tunc
404 1021 451 1080 ltic
474 1023 681 1100 praesentiunt,
708 1024 811 1082 merito
834 1021 976 1082 laudanda
1002 1031 1033 1082 et
1056 1041 1110 1101 np-
1159 1027 1166 1034 '

87 1105 241 1186 probanda,
279 1127 347 1166 mox
376 1107 542 1186 puniantur,
579 1109 724 1185 praesenti
756 1109 980 1170 assecurationis
1006 1108 1108 1178 forma,

87 1191 293 1253 conditionibus
321 1202 350 1252 et
381 1189 472 1251 modis
503 1194 618 1251 omnino
651 1193 830 1253 inarantibus
860 1192 987 1254 illibatis.
1040 1191 1110 1252 Vult

89 1289 232 1355 praeterea
258 1279 321 1356 ipsa
352 1275 492 1357 synodus,
529 1275 605 1355 quod
637 1277 725 1338 liceat
754 1280 823 1358 ipsis
854 1278 1109 1339 ambasciatoribns

90 1363 207 1422 omuibus
230 1373 261 1422 et
285 1363 404 1439 singulis
428 1363 528 1432 toties,
561 1364 786 1443 quotiescunque
810 1375 999 1443 opportunum
1017 1363 1111 1423 luerit

89 1466 133 1506 seu
154 1449 362 1520 necessarium,
389 1445 425 1506 ad
449 1467 546 1506 auram
565 1446 733 1527 capiendam
751 1451 832 1510 exire
852 1448 888 1509 de
908 1451 1026 1509 civitate
1044 1449 1110 1508 Tri-

90 1531 208 1605 dentina,
233 1545 263 1592 et
282 1534 390 1593 reverti
408 1530 445 1591 ad
464 1531 599 1606 eandem,
623 1553 678 1594 nec
697 1554 754 1593 non
774 1537 905 1595 nuncium
922 1535 969 1594 vel
988 1535 1109 1593 nuncios

89 1637 147 1677 suos
172 1618 207 1679 ad
231 1637 418 1698 quaecuuque
443 1617 508 1677 loca
531 1639 583 1698 pro
607 1621 665 1678 suis
688 1621 860 1680 necessariis
883 1619 1007 1699 negotiis
1030 1617 1110 1678 ordi·

89 1702 179 1763 nandis
196 1704 290 1764 libere
310 1706 423 1763 mittere
442 1723 492 1762 seu
512 1702 672 1775 destinare,
701 1724 735 1765 ac
758 1709 837 1784 ipsos
859 1705 961 1765 missos
984 1724 1035 1764 seu
1058 1703 1111 1763 de·

90 1790 210 1861 stiuatos,
238 1809 291 1849 seu
314 1790 426 1848 missum
450 1799 481 1847 et
503 1787 674 1848 destinatum
696 1793 843 1870 suscipere
866 1792 967 1861 toties,
996 1791 1109 1870 quoties

90 1877 125 1931 eis
144 1874 287 1935 videbitur
309 1873 460 1953 expedire;
488 1875 530 1933 ita
552 1873 628 1953 quod
651 1875 739 1954 aliqui
759 1876 807 1935 vel
826 1875 930 1954 aliquis
948 1893 1001 1954 per
1019 1873 1110 1954 depu-

88 1958 180 2020 tandos
199 1961 317 2021 concilii
336 1961 495 2030 socientur,
524 1961 571 2038 qui
589 1979 688 2019 eorum
706 1961 855 2021 securitati
873 1958 1044 2038 provideant
1060 1959 1107 2020 vel

88 2043 236 2122 presideat.
285 2045 339 2118 Qui
362 2043 474 2126 quidem
497 2045 591 2105 salvus
614 2043 773 2105 conductus
792 2057 822 2105 et
839 2049 1011 2105 securitates
1030 2055 1107 2104 stare
1151 2047 1155 2054 “

89 2147 119 2188 ac
136 2130 234 2192 durare
254 2130 381 2191 debeant
399 2140 429 2190 st
446 2149 463 2188 a
480 2140 625 2209 tempore,
645 2143 675 2190 et
692 2151 746 2212 per
763 2142 887 2212 tempus,
907 2151 963 2211 quo
978 2131 1006 2190 in
1021 2132 1109 2211 ipsius
1149 2151 1150 2158 ¹

91 2216 181 2294 synodi
204 2229 234 2278 ct
256 2236 372 2278 suorum
395 2217 524 2275 tuitionis
548 2236 644 2276 curam
667 2219 745 2296 ipsos
768 2219 874 2297 suscipi
899 2219 1056 2298 contigerit
1079 2228 1109 2276 et

92 2320 167 2380 usque
185 2302 221 2363 ad
235 2301 403 2362 Tridentum
417 2300 552 2380 perduci,
572 2321 606 2362 ac
621 2313 682 2361 toto
697 2314 826 2382 tempore
841 2305 995 2364 mansionis
1009 2322 1109 2362 eorum

91 2385 197 2460 ibidem,
216 2399 247 2449 et
265 2407 376 2448 rursum
391 2397 456 2465 post
469 2385 654 2448 sufficientem
669 2386 842 2448 audientiam
856 2388 996 2460 habitam,
1015 2390 1108 2467 spatio

92 2472 180 2548 viginti
202 2473 314 2534 dicrum
337 2473 510 2551 praemisso,
539 2492 621 2552 quum
644 2475 698 2554 ipsi
719 2476 857 2554 petierint
878 2487 928 2534 aut
955 2473 1109 2536 concilium

92 2553 176 2616 halitu
193 2556 355 2619 huiusmodi
369 2555 514 2617 audientia
528 2559 596 2639 ipsis
610 2578 756 2619 recessum
769 2559 920 2631 indixerit,
939 2559 1109 2621 aTridento

92 2646 214 2720 usquein
233 2663 317 2724 quem
337 2645 455 2724 quisque
474 2645 599 2722 elegerit
615 2644 669 2704 sibi
688 2646 782 2705 locum
801 2657 890 2705 tutum
908 2646 971 2706 Deo
994 2646 1109 2706 invente

92 2728 225 2802 restituet,
245 2727 314 2788 dolo
334 2739 364 2788 ct
381 2727 482 2788 iraude
501 2749 617 2807 prorsus
635 2732 768 2790 exclusis.
793 2731 872 2804 Quae
887 2728 1000 2810 quidem
1015 2733 1110 2791 omnia

92 2829 137 2887 pro
152 2816 291 2875 universis
310 2824 340 2874 et
357 2814 475 2892 singulis
494 2814 599 2874 Christi
618 2813 763 2887 fidelibus,
782 2837 835 2895 pro
855 2818 985 2877 omnibus
1001 2817 1111 2896 princi-

92 2897 163 2973 pibus
179 2910 236 2959 tam
251 2899 458 2960 ecclesiasticis
473 2919 554 2978 quam
569 2900 763 2960 saecularibus
777 2900 1004 2982 quibuscunque,
1023 2911 1109 2980 atque

92 2981 209 3045 omuibus
235 2985 300 3044 aliis
327 2983 534 3045 ecclesiasticis
560 2996 590 3044 ct
616 2985 811 3045 saecularibus
837 2988 982 3064 personis,
1016 2988 1111 3046 cuius·

94 3084 192 3148 cunque
210 3080 300 3130 status
319 3080 349 3129 et
367 3068 540 3130 conditionis
558 3070 709 3142 exsistant,
737 3081 786 3129 aut
804 3090 972 3152 quocunqne
995 3072 1109 3132 nomine

93 3166 267 3228 censeantur,
295 3155 500 3216 inviolabiliter
525 3155 704 3215 observanda
731 3176 794 3216 csse
818 3157 959 3237 promittit
981 3169 1011 3218 st
1032 3157 1110 3218 bona

93 3233 141 3296 fide
163 3239 293 3319 spondet.
338 3240 457 3321 Insuper
479 3242 555 3300 omni
577 3239 680 3302 fraude
703 3252 734 3302 ct
755 3241 823 3302 dolo
846 3243 970 3304 exclusis
992 3263 1061 3304 vora
1079 3254 1162 3304 etsss

94 3318 161 3382 hona
182 3323 238 3386 lide
260 3327 415 3406 promittit,
443 3328 532 3406 ipsam
551 3326 690 3408 synodum
709 3328 813 3389 nullam
831 3329 877 3389 vel
895 3329 1044 3390 manifeste
1062 3329 1109 3389 vel
1187 3339 1198 3350 ’

94 3408 198 3470 occulte
213 3414 396 3473 occasionem
411 3415 616 3492 quaesituram,
635 3424 685 3472 aut
697 3415 792 3494 aliqua
805 3416 987 3487 auctoritate,
1007 3425 1108 3495 poten·

96 3491 142 3563 lit,
159 3495 220 3556 iure
237 3499 284 3557 vel
302 3509 422 3571 statuto,
445 3499 598 3579 privilegio
618 3499 712 3578 legum
730 3500 776 3560 vel
795 3520 948 3572 canonum,
972 3512 1022 3561 aut
1040 3520 1110 3580 quo·

95 3593 258 3661 1'litttouuque
272 3585 473 3656 conciliorum,
491 3586 660 3665 praesertim
676 3585 903 3646 Constantiensis
918 3597 948 3647 et
962 3584 1109 3656 Senensis,
1183 3645 1191 3656 ,

96 3678 251 3746 quacunque
277 3671 370 3730 forma
395 3669 547 3731 verborum
572 3690 721 3751 expressa,
749 3673 778 3732 in
800 3671 916 3752 aliquod
939 3672 1020 3734 huius
1043 3670 1110 3732 lidei
1184 3691 1199 3704 ·

96 3747 216 3820 publicas
235 3764 266 3813 et
280 3756 461 3836 plenissimas
480 3757 716 3831 assecurationis,
744 3776 779 3818 nc
796 3758 929 3838 publicae
948 3769 979 3818 et
1000 3757 1109 3818 liberae

99 3831 261 3912 audientias,
285 3843 355 3922 ipsis
372 3843 532 3923 peripsam
550 3840 690 3923 synodum
709 3861 880 3916 concessae,
903 3843 1110 3922 praeiudicium

99 3921 187 3991 quovis
204 3924 286 3986 modo
305 3947 432 4002 usuram,
460 3939 509 3989 aut
527 3947 692 4008 quemquam
710 3929 751 3989 uti
770 3931 983 4008 permissuram,
1012 3928 1110 4006 quibus
1168 3935 1170 3940 '
