2654 4330
250 251 418 322 SESMO
445 251 548 307 xxiv.
582 251 940 335 ottttuuqttttnta‘r.
1032 259 1105 318 m

78 394 156 452 ticam
180 401 249 450 sant
272 389 494 466 tractandac1),
522 393 568 452 vel
591 411 660 472 qaas
683 411 720 453 en
740 397 856 474 urgenti
881 398 1103 480 rationabilique

78 495 160 536 causa
178 475 355 536 iudicaverit
378 495 499 536 summos
517 476 659 538 Romanus
680 478 815 540 Pontifex
832 499 886 559 per
903 484 1031 562 speciale
1050 505 1103 546 re·

77 564 210 642 scriptum
229 565 398 640 signatarae
417 563 579 622 sanctitatis
596 583 664 623 suae
683 583 766 624 manu
784 568 902 645 propria
919 568 1103 630 subscriben-

77 647 136 708 dum
160 649 347 708 committere
370 658 419 708 nat
441 667 574 708 avocare.
618 647 666 710 Ad
688 649 761 710 baec
784 669 889 712 causae
908 655 1103 715 matrimonia·

76 734 114 793 les
132 743 164 794 et
180 734 350 794 criminales
372 753 429 794 non
452 732 570 806 decani,
594 733 791 796 archidiaconi
814 748 864 795 aut
885 737 1006 798 aliorum
1028 741 1103 801 inie-

76 821 178 878 riorom
196 817 324 891 indicio,
348 820 434 879 etiam
450 817 607 890 visitando,
635 819 686 880 sed
705 821 834 900 episcopi
852 833 960 883 tantum
978 827 1103 886 examini

76 915 103 964 et
118 903 316 970 iurisdietioni
333 904 529 984 relinquantur
552 906 650 978 (etiam
676 907 749 966 siin
774 909 921 986 praesenti
938 910 1015 969 inter
1041 913 1103 990 epi-

77 1009 188 1068 scopum
216 1000 249 1050 et
267 988 409 1050 decanum
435 1009 488 1050 eeu
505 988 749 1064 archidiaconum,
776 1003 826 1052 aut
847 994 921 1055 alios
946 995 1102 1058 inferiores

75 1094 156 1153 super
182 1095 337 1136 causarum
364 1077 481 1136 istarum
508 1075 673 1154 cognitione
700 1077 735 1136 lis
759 1077 855 1156 aliqua
880 1080 910 1138 in
934 1099 1101 1161 quacunque

76 1161 205 1220 iacentia
223 1160 377 1240 pendeat),
396 1181 494 1222 coram
513 1181 580 1242 quo,
601 1163 711 1242 sipara
727 1181 797 1223 vere
815 1175 1013 1244 paupertatem
1031 1186 1101 1247 pro·

76 1243 199 1318 baverit,
219 1267 281 1306 noo
306 1256 428 1326 cogatur
450 1257 533 1308 extra
554 1248 746 1326 provinciam,
770 1267 824 1307 nec
842 1250 872 1308 in
890 1251 1026 1323 secunda,
1046 1272 1101 1314 uec

76 1332 102 1388 in
118 1333 204 1392 tertia
226 1333 368 1394 instantia
385 1333 416 1392 lo
435 1330 536 1394 eadem
555 1351 642 1392 causa
663 1334 866 1394 matrimoniali
889 1335 1019 1414 litigare,
1046 1338 1101 1397 nisi

77 1435 136 1494 pars
153 1418 249 1478 altera
278 1429 310 1478 et
331 1417 464 1478 alimenta
487 1428 517 1477 et
540 1437 681 1496 expensas
703 1419 761 1480 litis
782 1420 853 1479 velit
875 1419 1100 1483 subministrare.

77 1503 173 1580 Legati
191 1523 324 1584 quoque,
346 1505 432 1564 etiam
451 1502 487 1563 de
506 1504 610 1575 latere,
639 1505 749 1577 nuncii,
777 1505 986 1584 gubernatores
1004 1510 1101 1570 eccle·

78 1587 194 1662 siastici,
214 1600 265 1648 ant
285 1588 344 1660 alii,
364 1607 594 1668 quat-meusque
612 1590 780 1650 iacultatum
799 1592 914 1669 vigore,
933 1612 990 1651 non
1008 1594 1100 1654 solum

79 1674 222 1753 episcopos
251 1677 283 1734 in
308 1673 465 1753 praedictis
496 1672 590 1734 causis
619 1673 774 1754 impedire,
810 1686 860 1734 aut
886 1676 981 1756 aliquo
1013 1677 1099 1738 modo

79 1774 168 1818 eorum
184 1759 418 1820 iurisdictionem
444 1762 480 1820 iis
505 1761 674 1839 praeripere
702 1771 751 1820 aut
768 1761 885 1820 turbare
905 1781 962 1822 non
979 1781 1100 1842 praesu-

78 1850 161 1916 mant;
183 1845 237 1906 sed
256 1864 314 1906 uec
332 1847 418 1906 etiam
438 1855 540 1905 contra
558 1845 682 1904 clericos
705 1846 813 1905 aliasve
834 1866 975 1926 personas
1002 1849 1100 1909 eccle-

78 1929 216 2003 siasticas,
239 1932 298 1990 nisi
314 1932 454 2010 episcopo
472 1931 550 2010 prius
567 1931 705 2008 requisito
725 1949 817 2009 eoque
836 1932 1013 2010 negligente,
1031 1953 1100 2012 pro-

80 2011 184 2075 cedant
218 2015 304 2077 Alias
319 2035 416 2076 eorum
431 2035 584 2096 processus
599 2014 831 2076 ordinationesve
845 2017 949 2077 nullius
962 2021 1100 2078 momenti

72 2098 136 2170 tint,
158 2111 244 2181 atque
269 2100 308 2161 ad
330 2100 425 2161 damni
448 2101 673 2160 satisfactionem
692 2099 821 2180 partibus
844 2103 917 2161 illati
936 2112 1097 2162 teneantur.

79 2176 242 2261 Praeterea,
271 2188 297 2247 si
315 2189 378 2268 quis
396 2188 425 2246 in
445 2187 558 2246 casibus
576 2206 592 2244 a
611 2186 711 2262 iurat)
730 2189 877 2266 permissis
900 2189 1097 2268 appellaverit,

79 2268 163 2330 autde
182 2274 280 2354 aliquo
295 2273 460 2352 gravamine
480 2276 651 2352 conquestus
669 2272 765 2344 luerit,
785 2292 835 2331 scu
853 2273 925 2332 alias
936 2272 976 2332 ob
990 2275 1099 2353 lapsum

79 2350 190 2430 biennii,
215 2357 252 2419 de
273 2377 329 2440 quo
348 2377 447 2438 supra,
471 2356 507 2416 ad
525 2357 610 2416 ulium
630 2355 753 2416 iudicem
773 2360 945 2436 recurrerit,
966 2369 1099 2419 teneatur
1203 2425 1206 2430 Δ

80 2449 138 2500 acta
163 2447 257 2506 omnia
287 2463 384 2504 coram
411 2444 547 2523 episcopo
575 2453 657 2522 gesta
684 2440 721 2502 ad
748 2441 870 2502 iudicem
898 2443 1098 2524 appellationis

81 2531 202 2603 expensis
234 2530 295 2589 suis
322 2529 494 2602 transferre,
526 2527 629 2589 eodem
656 2537 752 2588 tamen
780 2531 917 2609 episcopo
940 2531 1019 2609 prius
1047 2529 1099 2589 ad·

80 2613 187 2686 nocito,
206 2626 247 2688 ut,
267 2617 293 2674 si
312 2613 378 2693 quid
396 2615 423 2673 ei
441 2634 494 2693 pro
514 2632 618 2686 causae
628 2615 818 2674 instructione
834 2613 988 2688 videbitur,
1008 2617 1099 2694 possit

80 2692 159 2760 iudici
175 2700 379 2780 appellationis
396 2699 570 2778 significare.
608 2698 691 2773 Quod
709 2701 734 2759 si
752 2699 910 2778 appellatus
921 2711 1097 2780 compareat,

82 2793 192 2858 cogatur
209 2797 280 2846 tuac
298 2787 322 2844 is
337 2805 448 2865 quoque
467 2796 606 2856 actorum,
625 2785 845 2866 quaetranslata
863 2795 937 2856 sont,
956 2805 1098 2865 expensas

80 2872 282 2947 proportione
305 2891 369 2943 sua,
390 2872 417 2930 si
440 2871 496 2929 illis
518 2872 559 2929 uti
581 2869 719 2941 voluerit,
743 2870 854 2942 subire3
884 2870 939 2928 nisi
957 2871 1043 2930 aliter
1060 2889 1098 2930 ex

81 2945 132 3009 loci
154 2956 362 3018 consuetudine
385 2967 529 3028 servetur,
563 2967 594 3015 ut
615 2957 728 3016 scilicet
749 2952 786 3014 ad
808 2954 999 3032 appellantem
1022 2957 1096 3014 intc-

81 3050 153 3106 fftum
174 3041 230 3102 boc
255 3062 326 3102 onus
347 3042 502 3122 pertineat.
546 3041 637 3101 Porro
661 3042 750 3120 ipsam
772 3051 902 3099 actorum
922 3041 1033 3120 copiam
1050 3051 1148 3105 tte-uta

82 3131 174 3182 ocatur
195 3129 324 3188 noerius
347 3144 474 3205 congrua
502 3124 636 3186 mercede
663 3135 784 3204 accepta
811 3125 966 3204 appellanti
990 3137 1094 3204 quanto

83 3203 156 3266 citius
178 3222 208 3270 et
230 3212 267 3273 ad
290 3214 381 3272 minus
403 3215 479 3271 intra
501 3231 625 3271 mensem
648 3211 796 3271 exhibere.
847 3210 902 3284 Qut
925 3213 1052 3270 notarius
1071 3215 1096 3271 si

82 3285 108 3343 itt
131 3291 287 3359 differenda
318 3297 495 3358 exhibitione
526 3295 656 3356 fraudem
680 3298 802 3368 lecerit,
829 3296 865 3356 ab
893 3295 979 3356 officii
1005 3295 1096 3357 admi·

82 3373 244 3445 nistratione
263 3385 383 3459 arbitrio
403 3382 542 3443 ordinarii
557 3380 758 3461 suspendatur,
777 3392 808 3441 et
825 3380 861 3440 ad
871 3380 949 3460 dupli
962 3400 1094 3460 poenam,

83 3466 169 3534 (luenti
186 3487 222 3528 ea
240 3471 274 3530 lis
292 3471 393 3542 fuerit,
412 3470 488 3530 inter
505 3467 694 3547 appellantem
714 3479 744 3526 et
761 3486 903 3547 pauperes
920 3467 979 3526 loci
998 3465 1094 3526 distri-

83 3535 212 3613 buendam
235 3556 431 3636 compellatur.
485 3553 576 3613 ludex
596 3572 682 3623 vero,
715 3554 739 3611 si
761 3554 873 3631 etipse
901 3551 1094 3632 impedimenti

83 3621 156 3692 huius
174 3643 303 3701 conscius
320 3645 502 3721 particepsve
519 3639 620 3711 luerit,
639 3639 759 3698 aliterve
779 3636 931 3709 obstiterit,
950 3656 986 3697 ne
997 3638 1096 3718 appel·
1145 3674 1150 3685 ·

87 3768 283 3798 Ἁ-

120 3862 190 3914 Seu.
199 3871 289 3920 xx1v.
309 3879 330 3928 1)
339 3873 370 3918 cf.
382 3888 402 3918 a.
413 3888 447 3930 gr.
459 3877 581 3917 ebenus.
592 3871 659 3916 Sard.
670 3872 725 3924 (el.
736 3869 811 3914 evi.
836 3871 885 3913 ml.
907 3866 1093 3933 7Ssos.XXV.

88 3910 112 3952 ds
123 3917 161 3961 rel.
171 3933 190 3964 e.
200 3927 230 3970 tt).
240 3949 264 3961 —
289 3929 313 3982 2)
324 3925 355 3975 cf,
366 3929 406 3970 tot.
417 3926 454 3970 tit.
465 3924 497 3969 X.
507 3925 536 3970 da
546 3923 633 3982 appell.
644 3922 713 3967 Ibi&
725 3923 750 3966 in
759 3881 858 3966 vitodt.
865 3871 898 3966 gg
906 3919 1094 3964 ructaminis.
