2652 4330
204 257 231 312 0
469 249 962 320 numuntrtutcutottts

203 396 253 453 tim
273 401 470 465 cerneremus,
497 409 535 450 ne
558 390 595 451 ad
618 388 725 450 dictum
744 388 857 468 quidem
874 387 1106 450 Resurrectionis
1123 391 1227 450 lectum
1323 455 1324 460 1

121 492 125 499 ·
203 480 275 538 alios
300 478 447 558 praelatos
468 475 650 537 vincentiam
673 477 857 546 convenisse,
883 476 1096 554 prorogationis
1122 494 1227 536 nomen

202 566 258 622 ianr
276 564 433 642 fugientes,
452 559 528 641 qnod
546 571 603 632 tam
621 580 709 640 saepe
726 561 834 620 frustra
850 561 946 620 iuerat
961 560 1129 638 repetitum,
1147 561 1227 620 eele-

202 647 363 709 hrationem
386 648 531 727 generalis
554 647 672 707 concilii
693 644 731 704 ad
754 656 880 705 nostrum
902 656 933 706 et
954 644 1226 724 sedisapostolicae

201 734 414 813 heneplacitum
433 730 609 812 suspendere
628 731 788 803 maluimus3
808 733 903 808 itaque
922 731 1051 802 lecimus,
1070 740 1101 790 et
1118 729 1227 790 desus-

200 820 339 898 pensione
362 817 523 877 huiusmodi
541 817 640 876 literas
667 814 705 874 ad
726 817 854 892 singulos
872 814 1099 892 supradictorum
1117 817 1226 896 princi·

199 921 266 982 pom
287 902 400 962 decima
423 902 469 962 die
492 901 553 961 lun.
571 919 711 960 smnus.
730 899 872 970 dedimus,
896 901 970 959 sicut
987 919 1024 960 cx
1039 900 1097 960 illis
1114 903 1226 980 perspi-

178 1003 254 1048 ocnc
277 998 374 1066 potest
395 987 528 1064 intelligi.
577 985 622 1046 Ea
648 989 744 1064 itaque
772 986 957 1064 suspensione
985 988 1149 1046 necessario
1172 1005 1227 1065 per

199 1092 252 1132 nos
270 1074 362 1144 iacta,
390 1071 456 1130 dum
478 1083 589 1151 ternpus
606 1069 676 1130 illud
693 1073 784 1150 magis
802 1069 934 1130 idoneum
953 1091 970 1130 a
988 1071 1071 1130 nohis
1088 1072 1225 1150 pacisque

199 1157 295 1236 aliqua
318 1158 465 1217 conclusio
488 1165 686 1237 exspectatur,
715 1175 787 1236 tpnae
810 1166 840 1216 et
862 1155 1028 1234 dignitatem
1046 1167 1148 1235 postea
1165 1157 1225 1216 lre·

200 1244 399 1322 quentiamtpne
423 1244 562 1314 concilio,
589 1253 620 1302 et
641 1241 822 1302 Christianae
845 1241 1021 1321 reipublicae
1043 1243 1225 1320 praesentio·

198 1346 260 1387 rem
278 1328 398 1388 salntem
417 1338 480 1388 erat
497 1329 631 1398 allatura,
657 1327 836 1405 Christianae
855 1329 967 1386 interea
984 1345 1031 1386 res
1048 1329 1079 1386 in
1097 1325 1225 1386 deterius

199 1411 327 1490 qnotidie
344 1414 497 1493 prolapsae
516 1423 590 1486 sunt,
609 1413 761 1492 hungaris,
780 1431 851 1491 rege
870 1414 995 1490 ipsorum
1009 1422 1132 1484 mortuo,
1151 1411 1224 1472 Tura
1323 1481 1324 1488 ἵ

199 1517 261 1556 cam
288 1499 470 1572 vocantibus3
503 1497 684 1560 Ferdinando
711 1517 783 1577 rego
809 1498 914 1557 bellum
940 1499 970 1557 in
996 1515 1047 1557 eos
1074 1507 1222 1569 movente,
1324 1572 1325 1577 η

196 1581 295 1661 Belgis
317 1581 355 1642 ad
377 1582 570 1646 delectionem
593 1605 611 1643 a
633 1603 752 1644 caesare
776 1603 814 1643 ex
834 1593 917 1663 parte
940 1581 1059 1662 quadam
1082 1583 1223 1656 incitatis3

197 1669 277 1732 cuins
294 1666 468 1728 delectionis
487 1669 717 1749 comprimendae
736 1688 822 1730 cansa
839 1688 892 1748 per
906 1667 1222 1739 Galliam'arnieissime‚

196 1763 314 1812 etcum
337 1773 407 1833 rege
426 1753 668 1814 Christianisslmo
692 1753 916 1814 concordissime
939 1774 1043 1833 magno
1061 1753 1225 1814 benevolae

196 1838 273 1897 inter
299 1858 350 1898 eos
372 1839 526 1900 voluntatis
549 1839 656 1899 indicio
678 1841 820 1900 transiens
844 1842 873 1899 in
895 1839 1002 1918 Belgas
1024 1839 1223 1898 serenissimus

196 1941 311 1997 caesar,
340 1935 370 1984 et
391 1926 471 1985 illinc
491 1925 598 1986 deinde
621 1927 650 1984 in
670 1924 850 1986 Germaniam
872 1925 1035 2005 proiectus,
1064 1933 1221 1992 conventus
1264 1951 1267 1955 ·

197 2005 367 2070 Germaniae
385 2013 544 2091 principum
563 2021 594 2071 et
611 2012 756 2070 civitatum
769 2009 938 2071 tractandae
953 2013 1023 2081 eius,
1043 2029 1124 2088 quam
1139 2008 1222 2068 dixe·

194 2103 253 2164 rat,
283 2096 458 2155 concordiae
482 2115 569 2155 causa
591 2096 699 2155 hahere
723 2099 828 2175 coepit.
880 2093 938 2154 Sed
961 2115 1044 2173 quum
1066 2113 1117 2174 spe
1139 2095 1222 2173 pacis

193 2179 249 2235 iam
267 2177 420 2239 deficiente
439 2181 488 2238 ille
506 2198 619 2257 quoque
637 2179 736 2238 modus
755 2179 899 2238 curandae
916 2180 946 2237 in
961 2179 1146 2237 conventibus
1160 2189 1223 2236 tra-

195 2261 375 2342 ctandaeque
395 2263 569 2322 concordiae
587 2263 625 2321 ad
643 2265 767 2322 maiores
785 2265 881 2341 potins
895 2261 1055 2322 discordias
1070 2264 1222 2322 concitan-

194 2345 246 2406 das
264 2359 346 2427 aptus
364 2367 429 2408 esso
446 2347 604 2419 videretur,
627 2347 737 2425 inducti
759 2348 860 2406 luimus
883 2345 919 2404 ad
936 2348 1084 2425 pristinum
1102 2349 1222 2408 concilii

193 2434 338 2508 generalis
357 2431 513 2492 remedium
531 2433 648 2502 reverti,
667 2431 753 2510 idque
771 2451 824 2511 per
841 2433 953 2510 legatos
972 2442 1086 2492 nostros
1096 2430 1126 2490 S.
1137 2432 1171 2491 R.
1182 2433 1232 2492 m·

194 2515 356 2576 cardinales
383 2518 437 2597 ipsi
460 2518 572 2576 caesari
590 2516 757 2589 obtulimus3
786 2516 862 2595 quod
888 2519 974 2575 etiam
1001 2529 1161 2596 postremo,
1188 2529 1231 2578 et·

192 2603 349 2681 praecipue
366 2602 397 2660 in
410 2601 612 2680 Ratisponensi
627 2612 769 2660 conventu
787 2603 905 2679 egimus,
925 2622 1008 2681 φιιιιιι
1022 2603 1081 2662 illic
1096 2603 1218 2662 dilectus

192 2687 267 2744 lilius
293 2697 394 2746 noster
419 2685 531 2765 'Gaspar
560 2687 604 2746 tit.
633 2685 664 2746 S.
692 2685 830 2746 Praxedis
858 2685 1218 2762 cardinalisContarenus

192 2790 300 2830 summa
322 2771 455 2831 doctrina
473 2782 503 2832 et
520 2773 687 2850 integritate
705 2773 830 2850 legatum
848 2783 973 2832 nostrum
990 2784 1102 2850 ageret.
1142 2772 1218 2832 Nam

193 2875 286 2934 quum,
304 2855 335 2916 id
353 2855 427 2936 quod
447 2875 483 2917 ne
501 2854 650 2917 accideret
667 2867 752 2930 antea
769 2858 854 2917 veriti
872 2877 993 2929 mannus,
1012 2878 1050 2918 ex
1067 2859 1128 2917 eius
1147 2877 1217 2916 con·
1241 2877 1247 2885 ·

191 2951 293 3002 ventus
315 2943 458 3002 sententia
475 2953 625 3021 peteretur
641 2963 659 3002 a
676 2943 774 3016 nohis,
792 2953 825 3002 ut
847 2944 882 3003 ah
902 2945 1027 3004 eeclesia
1045 2942 1217 3001 dissentien-

192 3026 260 3085 tium
283 3026 419 3106 qnosdam
442 3029 579 3088 articulos
601 3027 767 3088 tolerandos
790 3027 1016 3099 dedecoramus,
1048 3026 1142 3107 queam
1163 3046 1219 3106 per

193 3115 407 3173 oecumenicum
431 3115 584 3172 concilium
602 3112 644 3172 illi
661 3123 866 3174 excuterentur
882 3125 913 3174 et
930 3111 1144 3213 decidergntun
1172 3111 1218 3170 id-

192 3213 246 3284 que
265 3197 347 3256 nohis
357 3208 389 3256 nt
398 3196 622 3258 concederemus
632 3195 724 3278 neque
735 3199 937 3259 Christianaet
947 3199 1089 3258 catholiea
1098 3199 1221 3267 veritas,·

190 3297 283 3360 neque
301 3293 400 3341 nostra
417 3292 448 3341 et
464 3280 540 3341 sedis
558 3285 735 3360 apostolicae
754 3282 878 3360 dignitas
900 3285 1098 3362 permitteret,
1121 3283 1216 3360 palam

189 3367 284 3444 potins
303 3367 464 3439 concilium,
483 3377 614 3445 utquam
632 3369 751 3446 primm
765 3367 858 3440 lieret,
876 3368 998 3447 proponi
1012 3365 1217 3427 mandavimus.

189 3448 292 3528 Neque
318 3469 388 3510 vero
416 3453 445 3510 in
471 3452 529 3511 alia
559 3470 680 3530 unquam
706 3454 905 3513 sententia‘et
929 3454 1075 3513 volontate
1101 3452 1214 3522 luimus,

191 3552 273 3613 ᾳιιειιιι
299 3545 331 3592 nt
356 3536 448 3614 primo
476 3555 588 3616 qnoque
615 3548 743 3615 tompore
773 3539 923 3598 concilium
947 3537 1161 3598 oecumenicum
1185 3545 1217 3595 et

190 3618 327 3696 generale
351 3633 587 3700 congregaretur.
632 3620 823 3701 sperabamus
845 3625 920 3684 enim
943 3643 980 3682 ex
1001 3641 1038 3682 eo
1061 3633 1092 3682 et
1112 3639 1215 3702 pacem

189 3703 295 3782 populo
311 3702 489 3778 Christiano,
508 3718 538 3767 et
552 3707 732 3768 Christianae
750 3709 898 3788 religionis
916 3710 1110 3786 integritatem
1127 3725 1214 3787 posse

189 3790 370 3867 recuperari3
388 3802 580 3853 verumtamen
598 3791 627 3852 id
647 3814 709 3854 cnm
727 3792 1217 3874 1ιοιιιςιιιιίιιοινοίιιιιιιιῑο(ΞΙιιί-Ι
