2654 4334
211 299 215 302 ,
250 214 332 298 run
350 235 517 308 cousus.
537 243 650 297 reru.
667 223 920 334 ruuovs-rsu.
1018 250 1101 306 ssa.

151 383 297 464 Numquid
315 403 387 462 ergo
406 395 508 444 cuent
525 386 639 445 omnino
657 387 686 444 in
704 385 748 445 bis
768 387 918 448 commodo
937 387 1098 450 libertatis?

54 490 124 530 nen
142 472 258 549 utique,
286 470 352 548 quic
369 489 423 530 nec
443 489 540 530 eoram
559 468 712 533 ordinariis
730 473 812 552 ipsis,
841 472 992 533 dummodo
1012 475 1050 534 sit
1066 476 1096 535 ia
1222 543 1229 552 ,

55 559 133 616 loco
153 565 290 635 exempto
309 556 487 615 commissum
511 554 646 617 delictum
667 557 714 617 vel
730 565 898 619 contractos
925 560 1020 632 initus,
1048 571 1098 620 aut
1219 557 1222 564 ’

54 661 112 702 res
132 643 275 719 litigiosa,
302 659 356 701 nec
379 640 427 701 ubi
450 640 624 703 domicilium
647 643 767 714 babent,
795 646 819 703 si
844 645 913 704 alibi
932 644 1098 725 delinquant

54 729 111 788 vel
131 727 319 799 contrabant,
346 737 396 786 ant
413 745 461 788 res
479 729 542 807 ipsa
560 730 712 801 consistat,
743 731 890 794 wureniri
907 742 1026 810 possunt
1044 731 1098 790 nli·
1139 803 1141 808 Ι

56 824 208 892 quatenus
234 830 322 892 super
347 813 422 886 istis,
460 832 514 874 neo
547 811 755 874 domiciliorum
788 827 940 896 praetentu
967 817 1096 876 locorum

57 899 246 970 dioecesani,
267 900 303 970 (si
321 897 370 958 ubi
388 897 583 978 deliquerunt,
600 901 648 959 vol
667 911 882 975 contraxerunt,
901 917 951 962 eut
968 921 1016 964 res
1034 905 1097 981 ipsa

56 984 215 1056 consistit,
233 984 276 1042 illi
295 984 527 1064 murocinetum)
546 985 711 1046 remittendi
729 1005 783 1046 sos
798 988 882 1059 illae,
899 989 945 1047 vel
964 989 1046 1068 ipsis,
1065 998 1097 1046 nt

56 1072 124 1130 illic
152 1067 363 1148 respondeant,
400 1069 567 1149 iniungenli
598 1069 725 1132 habeant
753 1073 875 1152 aliquam
907 1083 1094 1152 potestatem

57 1157 152 1216 saltis
172 1155 355 1216 nibilominus
372 1156 486 1216 casibus
504 1157 577 1228 aliis,
597 1157 626 1216 in
645 1157 745 1236 quibus
763 1177 815 1218 eos
832 1159 1034 1238 episcoporum
1053 1161 1097 1218 iu·

58 1240 231 1302 rislictlonl
258 1241 376 1307 subesse
404 1243 543 1301 canonico
569 1244 749 1324 praecipiunt
766 1244 904 1320 instituto,
941 1244 979 1302 lit
1001 1243 1030 1302 id
1053 1247 1097 1323 ip·

59 1347 127 1388 sum
143 1327 327 1388 decernimos
341 1328 421 1386 circa
434 1327 508 1398 illos,
527 1327 639 1406 quibos,
657 1339 764 1388 utnon
783 1331 837 1389 nisi
854 1329 906 1390 sub
925 1349 981 1388 uno
1000 1327 1095 1390 iudice

60 1423 223 1478 tencantur
240 1411 327 1473 tle-ss
343 1414 586 1492 conquerentibus
609 1413 814 1494 respondere,
829 1415 989 1494 apostolico
1008 1417 1097 1494 privi-

61 1501 147 1577 legio
167 1509 213 1558 est
230 1517 408 1558 eoncessum.
441 1497 473 1556 ln
492 1515 544 1557 cos
562 1509 666 1572 autem,
686 1500 797 1579 quibus,
816 1519 852 1560 ue
871 1500 1015 1571 interdici,
1035 1519 1097 1560 sus·

62 1583 159 1665 pendi
170 1584 217 1644 vel
230 1585 471 1644 excommunicari
486 1601 503 1642 u
518 1603 656 1663 pequam
670 1586 794 1656 valeant,
817 1584 917 1645 asele
936 1586 1096 1664 apostolica
1172 1605 1181 1618 ·

60 1682 112 1730 est
132 1668 280 1740 indultum,
299 1671 374 1728 sicru
392 1680 457 1728 sunt
474 1669 604 1748 religiosi
623 1671 829 1750 quamplures,
852 1671 881 1728 in
900 1688 1018 1750 quorum
1037 1672 1098 1750 pri-⁴
1116 1696 1120 1702 ⁴

61 1757 183 1834 vilegiis
201 1757 378 1826 continetur,
401 1773 438 1814 ne
458 1756 603 1834 quisquam
626 1757 778 1835 episeopus
796 1755 842 1816 vel
860 1755 1095 1836 archiepiscopos

64 1842 307 1901 monasteriorum
325 1859 440 1900 suorum
468 1840 624 1899 monnebos
650 1859 704 1919 pro
727 1841 785 1900 ulla
809 1857 895 1901 causa
914 1841 1008 1901 ullove
1027 1842 1093 1902 loco
1178 1913 1182 1918 ¹

62 1926 258 1998 interdicere,
278 1924 453 2006 suspendere
472 1927 517 1985 vel
536 1927 785 1986 excommunicare
803 1935 980 2006 praesumare
1007 1925 1095 1986 iidem

62 2011 208 2072 erlharii
226 2010 453 2072 iurisdietionem
471 2029 563 2083 suam,
584 2022 716 2090 quantum
735 2010 771 2070 etl
788 2013 853 2083 isto,
872 2010 1033 2090 ubieunque
1052 2013 1095 2071 illi

63 2099 186 2170 luerint,
204 2098 317 2176 penitius
330 2112 471 2158 exercere
486 2117 543 2156 noo
556 2097 680 2177 possint,
700 2097 754 2156 nisi
773 2098 870 2156 forsan
888 2098 943 2176 ipsi
962 2097 1094 2156 monachi

64 2184 103 2244 acl
121 2188 360 2244 monasteriorum
380 2203 494 2243 suornm
508 2185 651 2262 prioratus
666 2180 818 2242 ordinariis
832 2180 933 2242 iisdem
948 2183 1094 2242 subiectos

64 2271 177 2331 fuerint
194 2268 341 2330 destinati.
385 2269 466 2328 'l'usc
493 2271 568 2328 euim
595 2271 650 2329 etsi
678 2262 768 2329 libers
794 2270 907 2348 possint
932 2267 969 2327 ad
993 2267 1093 2328 eadem

65 2356 244 2416 monasteria
257 2357 400 2426 rovocari,
420 2373 455 2414 nc
468 2365 526 2413 tam
540 2355 653 2416 illorum
673 2373 754 2434 quam
773 2355 898 2434 ipsorum
916 2357 1093 2432 prioratuum

64 2441 202 2501 monachi
220 2451 396 2520 reputentur,
418 2446 512 2520 (quum
527 2459 584 2499 non
598 2441 636 2499 sit
650 2441 854 2501 inconveniens
872 2440 995 2519 aliquem
1012 2449 1093 2498 utro·
1181 2453 1185 2460 “

62 2527 152 2606 bique
171 2527 265 2587 locum
284 2527 392 2587 babere
412 2525 633 2600 monachicum)
652 2546 736 2584 uuum
755 2526 839 2584 alteri
858 2525 974 2585 subesse
994 2544 1093 2585 mona-

64 2613 169 2684 sterio,
192 2611 291 2672 veleb
311 2614 373 2691 ipso
393 2613 521 2671 noscitur
538 2607 717 2690 dependere,
744 2613 855 2672 ratione
874 2621 967 2670 tamen
988 2631 1094 2672 eorun-

63 2696 131 2758 dem
152 2700 326 2776 prioratuum
345 2696 416 2756 dicti
434 2694 572 2755 ordinarii
590 2715 641 2755 sun
655 2695 853 2757 iurisdictione
871 2698 900 2756 in
918 2698 987 2776 ipsis
1006 2699 1093 2757 etiam
1179 2765 1188 2776 ¹

63 2781 161 2863 quoad
179 2785 335 2863 praemissa
355 2780 500 2863 (quamdiu
518 2790 666 2840 morantur
682 2783 710 2839 in
728 2783 776 2858 iis)
796 2783 875 2840 licite
899 2783 940 2840 uti
962 2793 1091 2861 possunt.

216 2934 291 2996 uuo
314 2935 351 2998 x.
379 2933 629 2998 lucunculo
657 2931 941 2995 unrnmunusr.
1106 2921 1163 3018 „,'

324 3055 394 3106 Sese.
413 3055 447 3104 Χ.
466 3055 496 3104 tle
516 3056 684 3116 impressione
703 3055 834 3104 librorum.

86 3153 165 3208 (Sese.
176 3151 218 3197 lv.
234 3152 329 3196 Decret.
353 3153 381 3196 tle
396 3151 453 3197 etllt.
468 3161 502 3246 epi
502 3141 720 3259 pipp1ss¹cpp¹l¹ilpron
735 3155 760 3195 et
773 3149 829 3204 ling.
839 3149 872 3194 Χ.
887 3149 915 3194 de
929 3148 997 3194 libris
1011 3163 1065 3205 pro·
1106 3149 1110 3156 “

148 3294 221 3367 Nos,
241 3312 276 3354 ne
295 3293 335 3365 id,
355 3291 430 3376 qnod
449 3293 486 3353 ad
499 3293 555 3354 [tei
569 3294 701 3372 gloriam,
720 3305 751 3354 et
769 3293 836 3355 illei
854 3302 1036 3372 angmentum
1052 3311 1090 3352 ao

61 3383 201 3440 bonarum
229 3382 330 3440 estium
358 3381 595 3460 propagationem
622 3379 777 3440 salubriter
803 3391 848 3440 est
874 3382 1032 3449 inventum,
1060 3379 1090 3436 in

60 3469 239 3530 eontrarium
254 3476 448 3538 convertatur,
467 3485 502 3526 ac
518 3465 625 3525 Cbristi
643 3464 767 3526 bdelium
786 3466 871 3525 saluti
889 3464 1090 3524 detrimentum

62 3551 165 3630 pariat,
189 3569 277 3632 super
293 3549 429 3614 libromm
444 3554 638 3630 impressione
661 3567 759 3610 curam
782 3561 907 3633 nostram
931 3548 1090 3609 habendam

62 3637 125 3697 lore
144 3637 289 3710 duximus,
317 3657 352 3697 uc
378 3637 416 3696 de
444 3647 543 3698 cetero
561 3653 630 3696 ‘oum
648 3636 731 3696 bonis
749 3635 903 3697 seminibus
921 3638 1020 3714 spinae
1039 3654 1091 3694 oo·

60 3723 199 3794 eleseaot,
219 3725 266 3783 vel
284 3722 433 3784 medicinis
449 3739 562 3783 veneno
580 3724 839 3782 intermisceantur.
875 3719 1016 3782 Volentes
1034 3721 1090 3798 igi·

63 3818 108 3867 tur
125 3807 161 3868 tle
180 3819 343 3888 opportuno
363 3809 510 3890 superbis
528 3805 657 3869 remedio
675 3806 839 3887 providere,
858 3805 914 3866 boc
932 3825 1017 3867 sacro
1035 3825 1088 3883 ap·

63 3893 203 3971 probante
222 3896 362 3968 concilio,
390 3905 422 3954 ut
447 3897 592 3972 negotium
616 3895 810 3975 impressionis
833 3893 969 3955 librorum
993 3890 1089 3952 buius-

854 3976 918 4042 17*
