2652 4330
221 196 282 254 00
410 189 576 247 sessio
602 187 676 242 xtlt.
710 189 770 242 DE
797 189 1065 246 R'EFORMAT.

224 343 366 404 servetur,
385 341 476 410 etqui
491 331 618 408 correpti
633 330 738 389 fuerint
752 329 947 400 emendentur,
966 341 1023 403 aut,
1043 333 1067 390 si
1081 333 1263 412 resipiscere

226 419 383 489 noluerint,
402 415 494 476 ceteri
512 412 619 473 salubri
641 415 670 473 in
689 433 740 474 eos
758 413 1010 474 animadversionis
1029 419 1159 496 exemplo
1180 439 1199 478 a
1217 423 1265 480 vi·

226 505 275 564 tiis
294 502 504 572 deterreantur,
525 519 607 579 quum
626 500 663 558 sit
684 498 830 578 diligentis
848 511 879 560 et
895 501 935 579 pii
954 501 1035 560 simul
1053 505 1178 581 pastoris
1198 505 1265 564 offi-

225 591 315 661 cium,
344 586 450 646 morbis
477 586 570 644 ovium
598 585 672 644 levia
698 586 816 664 primum
847 583 985 645 adbibere
1012 587 1152 662 lomenta;
1180 603 1263 669 post,

223 675 273 734 nbi
292 673 384 733 morbi
402 672 528 750 gravitas
546 672 586 729 ita
604 670 739 749 postulet,
759 668 796 728 ad
815 673 928 730 acriora
953 681 983 730 et
1004 675 1138 750 graviora
1161 694 1264 734 reme-

223 759 273 818 dia
291 757 484 829 descenderep
509 757 552 813 sin
571 765 665 813 autem
684 773 738 814 nec
757 754 923 834 ecquidem
942 757 1095 834 proliciant
1116 758 1171 818 illis
1192 761 1264 820 sub·

225 842 381 914 movendis,
402 851 515 900 ceteras
525 840 625 898 saltem
636 857 704 898 oves
719 841 1069 919 acontagionispcriculo
1085 843 1261 921 liberare¹).

224 929 315 1002 Quum
334 928 422 1005 igitur
443 926 487 984 rei
507 925 654 983 criminum
673 925 837 1004 plerumque
861 924 897 984 ad
913 926 1068 986 evitandas
1094 947 1204 1007 poenas
1229 943 1264 990 et

222 1016 426 1093 episcoporum
450 1008 685 1086 subterfugienda
704 1008 810 1068 iudicia
830 1011 962 1088 querelas
984 1021 1015 1070 et
1037 1016 1202 1091 gravamina
1220 1019 1263 1074 si-

210 1100 341 1176 mulent,
357 1107 391 1156 ’et
413 1095 615 1174 appellationis
633 1093 752 1172 diffugio
777 1093 881 1156 iudicis
899 1114 1065 1174 processum
1089 1099 1260 1178 impediant,

224 1204 262 1244 ne
282 1180 410 1244 remedio
429 1179 466 1239 ad
485 1181 669 1239 innocentiae
687 1178 861 1258 praesidium
879 1180 1047 1256 instituto²)
1067 1182 1104 1242 ad
1122 1185 1260 1264 iniquita·

225 1272 263 1330 tis
281 1268 477 1328 defensionem
496 1266 662 1336 abutantur,
690 1275 775 1343 atque
794 1275 825 1324 ut
843 1266 1002 1326 huiusmodi
1026 1287 1124 1328 eorum
1144 1271 1259 1330 callidi-

226 1355 278 1413 tati
302 1365 332 1413 et
354 1351 586 1429 tergiversationi
609 1359 792 1422 occurratur,
821 1352 861 1410 ita
879 1354 978 1410 statuit
995 1363 1026 1410 et
1044 1351 1187 1414 decrevit:
1226 1356 1259 1414 ln

205 1467 207 1472 v
225 1441 321 1499 causis
338 1437 510 1496 visitationis
529 1446 560 1495 et
577 1436 783 1506 correctionis,
811 1437 871 1496 sive
891 1436 1046 1496 habilitatis
1070 1449 1101 1498 et
1122 1441 1256 1500 inhabili-

226 1526 303 1596 tatis,
323 1542 378 1583 nec
397 1542 454 1579 non
473 1520 676 1591 criminalibus,
695 1519 731 1578 ab
750 1521 899 1600 episcopo,
918 1541 969 1581 seu
988 1523 1062 1582 illius
1080 1526 1109 1582 iu
1124 1527 1260 1606 spiritua-

226 1611 300 1669 libus
318 1609 427 1667 vicario
447 1606 586 1684 generali,
606 1616 672 1664 ante
692 1603 866 1665 definitivam
885 1609 1054 1668 sententiam
1077 1610 1113 1668 ab
1138 1613 1258 1671 interlo-

224 1695 339 1754 cutoria
356 1693 403 1752 vel
421 1693 478 1750 alio
502 1709 670 1770 quocunque
694 1692 858 1768 gravamine
883 1713 939 1750 non
962 1695 1136 1772 appelletur,
1165 1717 1257 1776 neque

225 1783 380 1860 episcopus
398 1796 449 1836 scu
464 1778 591 1837 vicarius
609 1775 796 1855 appellationi
810 1776 971 1836 huiusmodi
986 1789 1118 1858 tanquam
1136 1783 1256 1841 frivolae

224 1865 342 1930 deferre
363 1873 504 1935 teneatur,
524 1861 574 1921 sed
594 1880 642 1933 ea,
663 1881 696 1920 ao
716 1881 882 1942 quacunque
907 1863 1076 1924 inhibitione
1098 1867 1135 1925 ab
1159 1869 1257 1946 appel-

226 1951 342 2010 lationis
360 1947 455 2008 iudice
475 1957 619 2020 emanata,
644 1966 698 2005 nec
718 1967 774 2005 non
793 1948 871 2006 omni
889 1949 964 2028 stylo
988 1960 1018 2008 et
1040 1951 1255 2023 consuetudine,
1311 2001 1312 2016 ,

225 2039 313 2096 etiam
331 2034 564 2105 immemorabili,
585 2031 731 2091 contraria
750 2052 807 2090 non
827 2033 972 2106 obstante,
997 2033 1033 2093 ad
1051 2037 1192 2097 ulteriora
1209 2059 1257 2096 va·

226 2123 286 2180 leat
303 2117 475 2200 procedere,
496 2119 549 2177 nisi
568 2136 722 2194 gravamen
745 2116 906 2176 huiusmodi
923 2118 1171 2198 perdelinitivam
1193 2143 1256 2182 sen·

227 2207 345 2266 tentiam
364 2204 493 2283 reparari
503 2203 531 2276 ³)
551 2202 596 2260 vel
615 2202 651 2259 ab
670 2202 732 2281 ipsa
751 2199 896 2261 definitiva
915 2206 1054 2284 appellari
1078 2228 1135 2267 non
1157 2209 1254 2288 possit,

227 2291 327 2371 quibus
352 2287 464 2348 casibus
487 2305 633 2346 sacrorum
657 2297 687 2345 et
710 2287 888 2366 antiquorum
912 2309 1052 2350 canonum
1074 2303 1181 2354 statuta
1204 2295 1257 2353 illi·

226 2379 294 2436 bata
313 2376 475 2454 persistant.

186 2493 218 2564 'op
229 2501 257 2545 c.
268 2499 297 2543 ll.
333 2496 365 2542 In
375 2492 552 2541 criminalibus
562 2493 702 2552 appellatio
712 2494 869 2556 abepiscopo
880 2495 982 2556 quando
991 2497 1200 2560 metropolitano,
1212 2506 1259 2548 aut

485 2563 531 2608 ani
538 2573 572 2608 ex
581 2563 745 2608 vicinioribus
760 2564 940 2610 coremitteada
949 2567 992 2614 rit.

312 2647 340 2708 Α
363 2647 505 2706 sententia
533 2646 676 2723 episcopi,
703 2645 749 2704 vel
776 2645 915 2724 ipsiuslin
939 2649 1134 2728 spiritualibus
1157 2654 1257 2712 vicarii

226 2733 383 2814 generalis,
403 2733 431 2790 in
451 2728 647 2788 criminalibus
666 2730 866 2809 appellationis
885 2752 981 2805 causa,
1005 2735 1054 2796 ubi
1071 2737 1256 2818 appellationi

229 2822 309 2879 locus
328 2818 424 2887 luerit,
444 2816 468 2874 si
487 2815 646 2894 apostolica
665 2816 838 2874 auctoritate
857 2817 1028 2897 inpartibus
1043 2841 1105 2881 eam
1122 2824 1258 2882 committi

227 2904 393 2982 contigerit,
414 2901 649 2980 metropolitano,
668 2920 719 2958 seu
737 2899 811 2959 illius
835 2903 920 2960 etiam
943 2906 1050 2966 vicario
1074 2908 1103 2969 iu
1126 2909 1257 2990 spiritua·

228 2991 302 3050 libus
321 2988 466 3068 generali;
485 2997 542 3058 aut,
562 2987 586 3045 si
604 2986 653 3044 ille
672 2986 764 3065 aliqua
786 2984 821 3045 dc
841 3007 927 3047 causa
945 3001 1094 3070 suspectus
1108 2993 1197 3066 ieret,
1214 2994 1257 3054 vel

228 3078 304 3134 ultra
327 3072 397 3133 duas
420 3073 528 3150 legales
556 3071 665 3131 diaetas
693 3069 832 3145 distet4),
860 3091 910 3132 seu
938 3075 973 3134 ab
1001 3077 1063 3155 ipso
1086 3080 1258 3158 appellatum

229 3162 329 3233 luerit,
348 3159 397 3217 uni
416 3177 454 3216 ex
471 3157 657 3216 vicinioribus
676 3157 833 3236 episcopis,
858 3177 907 3217 seu
926 3160 1037 3220 illorum
1057 3165 1183 3238 vicariis,
1204 3184 1258 3224 non

229 3258 324 3306 autem
342 3241 526 3304 inferioribus
544 3240 693 3315 iudicibus,
714 3244 915 3304 committatur.

204 3417 206 3422 ,
256 3369 283 3414 (i.
294 3369 336 3414 lll.
373 3363 442 3412 Acta
448 3365 550 3422 prr’rrrae
559 3363 703 3408 instantiae
712 3363 786 3476 inlpra
796 3366 908 3425 triginta
922 3366 975 3414 dier
984 3367 1078 3416 dentem
1089 3373 1179 3431 gratie
1188 3385 1233 3418 rao

601 3474 604 3478 ,
668 3444 733 3490 appe
753 3435 819 3479 anti.

317 3517 403 3586 Reus,
422 3514 458 3572 ab
477 3515 613 3593 episcopo
632 3524 681 3572 aut
699 3516 760 3574 eius
778 3517 887 3576 vicario
906 3519 934 3577 in
953 3521 1147 3598 spiritualibus
1170 3541 1260 3600 geue·

232 3606 287 3664 rali
305 3605 333 3662 in
352 3601 492 3660 criminali
511 3617 596 3657 causa
615 3599 771 3678 appellans,
791 3620 888 3662 coram
907 3603 1015 3677 iudice,
1043 3606 1080 3666 ad
1100 3627 1187 3686 quem
1211 3629 1261 3688 ap·

232 3705 443 3723 ———-——=

285 3748 361 3791 Seu.
372 3722 443 3786 Xlll.
471 3749 492 3794 t)
503 3757 549 3788 rec.
561 3745 691 3788 Hieremia
702 3759 721 3789 c.
737 3749 768 3790 li.
781 3745 909 3793 cxxiv.
924 3763 962 3806 qn.
972 3755 991 3796 ³.
1042 3753 1101 3808 Aug.
1116 3755 1140 3797 in
1155 3770 1175 3799 c.
1187 3760 1218 3800 tt.
1230 3757 1261 3798 ib.

233 3823 260 3834 ..
271 3804 292 3842 21
304 3797 333 3842 cf.
345 3811 364 3841 c.
375 3798 394 3836 ³.
405 3791 436 3837 X.
448 3795 476 3838 de
486 3793 574 3860 appell.
584 3795 609 3839 ll
626 3799 659 3840 28.
670 3796 751 3890 &Alapt-
762 3797 853 3894 llbp-
870 3803 893 3854 3)
903 3801 934 3846 cl.
945 3815 965 3846 e.
975 3767 1050 3848 salx.
1061 3805 1092 3848 ib,
1103 3805 1262 3862 (innocui.)

233 3851 297 3906 tier.
307 3864 328 3895 o,
339 3853 370 3894 u.
381 3845 409 3890 us
419 3858 492 3889 reici.
502 3845 594 3890 inviro
605 3827 624 3892 i.
634 3851 672 3900 a(
694 3848 751 3895 onir.
762 3847 809 3894 vu
824 3856 839 3904 a
