2654 4330
207 238 281 296 m
318 213 1174 292 snsstoxxu.senescentucouccanrcrsss

208 395 270 436 rum
293 376 415 434 omnium
434 372 517 434 radix
534 371 712 453 cupiditas¹)
732 373 931 452 occupaverit,
949 381 981 431 nt
997 370 1119 432 allenius
1135 372 1235 432 eecle-

208 461 284 532 siae,
303 479 354 521 sen
372 461 494 520 cuiusvis
516 459 673 520 saecularis
695 458 741 520 vel
765 458 906 538 regularis
923 456 1071 528 beneficii,
1095 455 1233 520 montium

209 547 334 625 pietatis,
353 546 531 624 aliorumque
549 546 660 624 piorum
678 543 807 605 locorum
816 541 1039 614 iurisdictiones,
1058 542 1145 615 lona,
1165 561 1234 604 cer·

92 630 95 634 ’
208 651 256 690 sns
273 649 309 692 ac
327 624 407 704 iura,
426 632 512 691 etiam
530 628 655 690 lendalia
677 639 709 689 et
730 629 957 712 emphyteutica,
979 628 1105 699 fructus,
1124 627 1234 690 emolu·

207 727 318 790 menta,
341 735 392 776 sen
416 734 597 796 quascunque
621 715 824 787 obventiones,
849 733 921 795 qnae
944 716 974 774 in
992 714 1186 780 minimorum
1204 724 1234 774 et

206 819 363 882 pauperum
382 801 571 862 necessitates
589 800 719 860 converti
737 797 852 873 debent,
871 819 925 880 per
941 817 973 860 se
991 800 1038 861 vel
1054 799 1129 859 alios
1146 800 1176 858 vi
1188 800 1235 862 uel

207 888 311 946 timore
329 887 459 958 incusso,
482 905 533 946 sen
551 886 637 946 etiam
655 904 709 965 per
725 887 885 965 suppositas
903 903 1042 966 personas
1060 886 1233 946 clericorum

207 982 258 1033 aut
283 971 437 1044 laicorum,
465 990 516 1031 seu
544 989 711 1051 quacunque
725 979 800 1032 'arte
828 981 878 1031 aut
906 989 1074 1051 quocunque
1102 971 1233 1050 quaesito

208 1057 308 1117 colore
331 1058 360 1116 in
382 1057 516 1136 proprios
537 1076 604 1116 nsns
627 1067 811 1130 convertere,
838 1055 963 1136 ¹illosque
985 1075 1125 1136 usurpare
1148 1076 1234 1135 prae·

207 1142 372 1220 sumpserit,
396 1161 448 1202 seu
469 1140 623 1221 impedire,
646 1162 683 1202 ne
705 1142 742 1202 als
766 1144 815 1213 iis,
839 1141 876 1204 ad
898 1149 969 1222 quos
991 1144 1053 1202 iure
1077 1143 1233 1221 pertinent,

206 1228 416 1307 percipiantur,
444 1228 468 1294 is
494 1227 668 1289 anathemati
683 1226 796 1294 ,tamdiu
814 1228 974 1299 subiaceat,
999 1226 1131 1307 quamdiu
1150 1227 1233 1286 iuris·

207 1311 359 1384 dictiones,
378 1313 464 1384 hone,
482 1333 540 1384 res,
558 1315 630 1385 iura,
649 1313 759 1376 lrnctus
777 1324 807 1374 et
816 1312 934 1386 reditus,
953 1333 1024 1392 quos
1035 1313 1232 1392 occupaverit,

206 1399 252 1457 vel
271 1399 318 1477 qni
340 1397 378 1458 ad
400 1417 463 1458 eum
486 1397 755 1479 quomodocunque,
779 1400 864 1461 etiam
887 1418 926 1458 ex
946 1397 1103 1460 donatione
1127 1417 1233 1476 suppe-

206 1485 279 1542 sitee
301 1503 458 1563 personae,
481 1485 678 1564 pervenerint,
703 1485 846 1544 ecclesiae
867 1486 984 1564 eiusque
1007 1482 1233 1543 administratori

205 1569 265 1629 sive
284 1569 457 1629 beneficiato
475 1571 588 1648 integre
606 1571 775 1641 restitnerit,
794 1590 829 1629 ac
848 1567 952 1630 deinde
971 1589 988 1628 a
1009 1567 1136 1630 Romano
1155 1567 1232 1628 Pon-

205 1654 283 1716 tifice
311 1655 519 1719 ahsolutionem
547 1655 713 1716 obtinuerit.
772 1653 854 1728 Quod
881 1655 906 1714 si
931 1651 1057 1714 eiusdem
1086 1654 1231 1714 ecclesiae

203 1751 342 1822 patrenus
359 1741 456 1814 luerit,
475 1742 561 1804 etiam
579 1741 642 1801 iure
660 1750 829 1820 patronatus
846 1741 922 1800 ultra
938 1737 1102 1819 praedictas
1121 1758 1232 1820 poenas

153 1841 192 1887 tet
205 1843 241 1886 eo
259 1827 322 1906 ipso
340 1827 467 1907 privatus
486 1827 615 1888 exsistat.
661 1825 792 1886 Clericus
808 1845 888 1898 vero,
908 1827 955 1906 qni
969 1823 1111 1885 nefandae
1122 1823 1231 1884 lrandis

205 1921 236 1972 et
261 1914 453 1993 usurpationis
480 1909 640 1972 huiusmodi
667 1907 826 1974 fabricator
847 1931 898 1972 sen
920 1910 1103 1972 consentiens
1132 1911 1229 1982 luerit,

203 1996 311 2058 eisdem
329 2000 431 2077 poenis
448 1997 605 2070 subiaceat,
625 2017 678 2058 nec
697 2018 754 2057 non
773 1997 985 2078 quibuscunque
1002 1995 1153 2057 beneficiis
1172 1999 1230 2078 pri·

202 2094 284 2142 vatus
301 2083 352 2153 sit,
376 2093 406 2142 et
428 2081 464 2144 ad
484 2101 668 2164 quaecunque
693 2085 750 2144 alia
766 2083 909 2144 beneficia
927 2082 1060 2144 inhabilis
1078 2082 1227 2153 efficiatur,

203 2177 234 2227 et
251 2187 269 2226 a
286 2187 401 2227 snorum
424 2165 554 2229 ordinum
578 2169 764 2228 exsecutione
787 2170 873 2230 etiam
897 2179 963 2248 post
979 2171 1120 2247 integram
1144 2169 1228 2229 satis·

203 2253 358 2312 lectionem
382 2261 412 2311 et
430 2251 637 2312 ahsolutionem
660 2255 703 2312 sni
722 2251 860 2314 ordinarii
884 2253 1004 2314 arbitrio
1027 2251 1225 2332 suspendatur.

256 2427 473 2475 DEGEEI'UM
499 2427 868 2544 SUPEBGXff‘III'sIONE
893 2429 1170 2478 coucuesrottls

286 2593 415 2672 lusuper,
435 2613 518 2672 quum
537 2591 637 2654 eudem
655 2607 841 2656 sacrosancta
859 2594 985 2677 synodus
1003 2598 1147 2676 superiori
1164 2616 1225 2664 sess

200 2681 282 2739 sione
305 2678 377 2740 dnos
400 2678 539 2739 articulos
562 2680 633 2739 alias
656 2683 872 2761 proposit0s2),
898 2692 929 2742 et
945 2692 1003 2742 tum
1021 2679 1148 2741 nondum
1167 2680 1225 2743 dis-

200 2783 309 2837 ensses,
326 2763 477 2826 videlicet:
496 2783 533 2824 an
549 2767 693 2838 rationes,
711 2767 812 2845 quihus
830 2777 928 2827 sancta
939 2765 1084 2827 catholica
1098 2768 1225 2828 ecclesia

198 2848 322 2910 adducta
340 2851 408 2924 luit,
432 2860 464 2910 ut
486 2853 711 2930 communicaret
733 2852 824 2910 laicos
846 2862 932 2933 atque
955 2853 1041 2912 etiam
1064 2872 1122 2912 non
1146 2853 1224 2914 cele-

73 2937 88 2948 ‘
198 2936 315 2998 letantes
337 2933 506 2998 secerdotes
529 2935 580 2996 snb
604 2956 660 2996 nna
677 2936 759 3016 panis
777 2939 891 3017 specie,
910 2939 951 2998 ita
968 2938 1026 2997 sint
1042 2937 1223 3014 retinendae,
1260 3015 1264 3020 Ι

198 3023 324 3084 utnulla
342 3023 454 3084 ratione
473 3022 574 3084 calicis
591 3042 657 3082 usus
676 3022 806 3102 cuiquam
824 3021 1093 3103 sitpermittendus3
1113 3034 1158 3088 ct:
1177 3045 1222 3098 an,

196 3109 222 3166 si
240 3107 369 3168 honestis
387 3118 418 3169 et
427 3107 608 3169 Christianae
627 3109 742 3168 caritati
761 3109 961 3170 consentaneis
978 3109 1138 3170 rationibus
1154 3129 1224 3170 con·

196 3191 345 3255 cedendus
367 3195 453 3256 elicui
474 3193 520 3254 vel
547 3194 657 3256 nationi
682 3194 729 3255 vel
754 3213 847 3273 regno
870 3195 970 3256 calicis
991 3193 1222 3269 ususvideatur,
1246 3213 1250 3217 ·

195 3279 248 3338 sub
268 3279 408 3360 aliquibus
427 3276 639 3340 conditionibus
657 3277 862 3340 concedendus
879 3281 931 3353 sit,
950 3290 981 3342 et
999 3300 1137 3361 quaenam
1155 3281 1223 3341 illae

195 3367 267 3438 sint,
286 3366 316 3423 in
335 3363 411 3425 alind
429 3373 554 3444 tempus,
574 3364 672 3424 oblata
689 3365 743 3426 silsi
762 3367 930 3438 occasione,
955 3365 1161 3428 examinandos
1179 3378 1223 3428 at·

196 3469 251 3528 que
270 3448 448 3509 deliniendos
466 3452 671 3522 reservaverim
690 3468 774 3524 nnnc,
794 3469 902 3526 eornm,
921 3472 974 3532 pro
993 3452 1221 3533 quiltnspetitur,

195 3533 281 3592 saluti
304 3536 410 3612 optime
434 3536 593 3594 consultum
613 3537 728 3608 volens,
748 3535 893 3612 decrevit,
912 3540 1054 3618 integrum
1073 3537 1222 3617 negotium

134 3634 136 3638 ’
194 3616 232 3677 ad
260 3619 465 3679 sanctissimum
492 3617 635 3680 dominnm
663 3631 882 3699 nostrumesse
910 3622 1107 3696 referendum,
1133 3632 1221 3704 proul

134 3767 139 3772 ,
194 3704 341 3781 praesenti
364 3702 484 3763 decreto
507 3705 611 3777 refert,
636 3707 683 3786 qni
705 3727 759 3788 pro
781 3729 834 3771 sua
855 3711 992 3790 singulari
1014 3708 1169 3789 prudentia
1190 3706 1220 3770 id

203 3811 401 3824 *a*

246 3846 323 3892 Sese.
338 3848 421 3894 xxn.
449 3853 469 3900 I)
484 3851 568 3896 tuta.
584 3851 627 3899 vt.
641 3859 673 3899 ld.
687 3879 714 3890 -
738 3859 761 3912 ἱ)
775 3856 807 3902 cl.
822 3857 887 3902 Sese.
900 3856 973 3902 xrtt.
983 3857 1008 3901 in
1017 3857 1079 3900 decr.
1090 3869 1185 3912 pretet·
1195 3860 1221 3902 ut

193 3895 258 3942 flers.
268 3897 338 3943 XXI.
349 3907 411 3957 post.
421 3913 471 3946 ean.
480 3906 501 3948 I.
