2652 4330
335 189 886 298 concrurr'nnrnnurrnr.
979 216 982 226 ’
1100 247 1125 304 s

89 383 206 462 aliquot
232 317 339 459 oppida
361 378 555 438 inrlitoribus
566 377 689 459 Apuliae
713 383 804 462 cepit,
831 387 969 457 vastavit,
998 383 1124 466 diripuit,

89 465 218 548 praedas
239 463 383 524 hominnm
402 463 515 541 abegit,
543 481 596 524 nos
618 467 648 524 in
670 469 793 526 mammo
815 469 917 529 timore
941 481 972 529 et
993 473 1124 551 periculo
1146 495 1158 510 ·

90 554 218 612 omnium
237 547 397 618 muniendis
415 549 546 608 litoribus
560 552 686 623 nostris,
705 552 886 631 finitimisque
901 556 1007 614 anxilio
1026 558 1126 618 iuvan-

6 653 8 659 ‘
89 639 137 698 dis
159 637 264 697 inimus
282 635 431 713 occupati;
459 653 514 694 uec
537 644 631 694 umen
654 637 766 696 interea
789 635 950 699 destitimus
973 643 1125 703 consulere

90 735 124 784 et
149 723 260 786 hortari
280 719 458 779 Christianos
475 721 635 799 principes,
662 733 694 780 ut
716 721 752 781 de
775 722 882 783 idoneo
906 723 942 784 ad
965 725 1125 786 habendum

90 810 248 870 concilium
266 806 334 865 loco
353 803 420 885 quid
436 806 580 864 sentirent
597 806 680 865 nobis
698 820 888 886 exponerent,
909 829 1027 889 qnorum
1043 830 1127 889 quum

90 905 192 956 essent
209 895 339 952 incertae
356 891 512 969 variaeque
531 893 701 964 sententiae,
720 903 888 973 tempusque
908 893 1024 969 diutius,
1042 913 1126 976 mam

90 991 158 1041 erat
175 997 262 1058 opus,
279 975 430 1070 videpetur
447 977 572 1048 extrahi,
591 995 645 1037 nos
663 978 771 1056 optimo
790 981 896 1052 animo,
915 991 1011 1060 atque,
1030 989 1063 1040 ut
1079 1001 1127 1042 arn·

90 1067 242 1134 bitramur,
262 1062 348 1121 etiam
367 1061 504 1133 consilio,
526 1061 709 1122 Vincentiam
733 1064 886 1142 elegimus,
905 1065 1005 1126 urbem
1024 1069 1127 1145 copio-

91 1171 163 1222 sam,
183 1160 213 1209 et
225 1147 414 1218 Venetorum,
433 1148 480 1226 qui
495 1166 558 1206 eam
572 1148 656 1207 nobis
670 1147 879 1221 concedebant,
894 1152 1010 1224 virtute,
1025 1161 1127 1212 aucto-

92 1238 195 1305 ritate,
214 1233 427 1317 potentiacum
446 1230 552 1304 aditum
571 1244 726 1312 patentem,
747 1245 805 1293 tum
824 1237 977 1296 stationem
997 1235 1127 1296 omnibus

92 1322 214 1382 liberam
237 1328 323 1397 atque
346 1326 433 1376 tutam
455 1319 487 1375 in
509 1319 607 1397 primis
629 1321 659 1378 in
681 1339 713 1379 se
731 1320 894 1380 habentem.
940 1318 1000 1380 Sed
1043 1339 1127 1400 quum

91 1408 150 1465 inm
168 1417 279 1483 tempus
298 1403 411 1480 longius
428 1421 612 1481 progressum
631 1415 722 1476 esset,
742 1425 890 1485 novaeque
908 1405 988 1466 urbis
1004 1406 1127 1466 electio-

92 1510 159 1551 nem
179 1489 308 1550 omnibus
326 1487 484 1566 significari
503 1491 681 1563 conveniret,
700 1491 812 1569 iamque
832 1490 981 1551 Kalendae
999 1491 1128 1554 Novem.-

92 1576 154 1636 bris
186 1583 356 1654 appetentes
386 1573 553 1634 facultatem
584 1576 666 1636 huius
694 1574 899 1654 divulgationis
926 1576 1125 1648 excluderent,

93 1663 242 1740 hiemsque
261 1669 340 1719 esset
356 1659 530 1738 propinqua,
558 1680 656 1720 rursus
678 1661 771 1721 altera
788 1665 997 1742 prorogatione
1015 1673 1126 1741 tempus
1197 1653 1199 1662 ’

94 1748 212 1806 concilii
230 1743 348 1804 differre
367 1745 395 1802 in
413 1746 572 1823 proximum
591 1765 713 1826 sequens
730 1765 783 1807 ver
799 1747 925 1827 biniique
943 1749 1053 1808 iuturus
1066 1748 1126 1807 Ka-

94 1830 195 1891 lendas
214 1830 351 1909 compulsi
369 1829 481 1890 fuimus.
525 1830 587 1904 Qua
604 1851 638 1892 re
657 1833 777 1892 firmiter
795 1836 953 1894 constituta
970 1843 1056 1913 atque
1074 1832 1126 1892 de-

94 1925 179 1976 creta
201 1935 286 1994 quum
308 1925 339 1974 et
356 1933 409 1974 nos
426 1917 514 1994 ipsos,
534 1927 565 1975 et
583 1926 684 1976 cetera
702 1920 797 1975 omnia
814 1917 851 1976 ad
870 1937 934 1976 cum
947 1918 1023 1977 bene
1037 1937 1127 1995 agen-

93 2001 163 2060 dum
181 1999 245 2060 Deo
262 2000 376 2062 iuvante
395 1999 656 2080 celebrandumque
676 2011 846 2060 conventum
864 2020 1045 2080 pararemus,
1064 2003 1127 2081 plu·

93 2090 198 2148 nimum
225 2093 390 2166 reputantes
417 2087 559 2145 interesse
588 2105 652 2145 cum
679 2085 886 2146 celebrationis
909 2087 1040 2159 concilii,
1067 2083 1126 2146 turin

94 2175 248 2232 universae
267 2170 447 2230 Christianae
469 2170 662 2249 reipublicae,
692 2171 871 2232 Christianos
888 2173 1034 2256 principes
1052 2191 1126 2252 pace

94 2261 172 2318 inter
192 2277 225 2318 se
248 2266 280 2315 ct
302 2254 459 2315 concordia
482 2259 662 2317 consentire:
687 2259 851 2318 carissimos
869 2260 898 2316 in
916 2258 1033 2318 Christo
1051 2259 1127 2318 filios

92 2353 225 2412 nostros,
249 2341 388 2404 Carolum
403 2339 594 2401 Romanorum
613 2345 817 2422 imperatorem
835 2361 949 2423 semper
967 2354 1125 2420 angustum,

97 2439 128 2486 ot
143 2426 414 2488 christianissimum
435 2445 535 2504 regem
558 2426 756 2501 Franciscum,
783 2427 840 2488 duo
863 2430 1020 2509 praecipua
1033 2427 1127 2508 ¹Chri-

94 2516 180 2574 stinni
195 2513 316 2570 nominis
329 2512 506 2571 firmamenta
520 2522 605 2592 atque
619 2512 755 2585 subsidia,
771 2533 856 2573 orare
870 2524 955 2594 atque
971 2514 1126 2573 obsecrare

95 2593 263 2668 institimus,
291 2608 322 2656 ut
340 2596 376 2656 ad
395 2598 567 2677 colloquium
585 2599 661 2658 inter
678 2618 710 2658 se
729 2610 760 2658 et
777 2600 925 2660 nobiscum
942 2619 999 2658 una
1018 2613 1151 2658 conve-o

95 2686 205 2756 uiuent,
233 2701 352 2761 quorum
376 2681 489 2760 quidem
510 2681 586 2762 apud
604 2695 754 2763 utrumque
773 2685 878 2758 literis,
906 2687 1032 2755 nunciis,
1060 2693 1090 2743 et
1107 2703 1126 2742 a

96 2769 188 2828 latere
216 2778 315 2826 nostro
343 2768 434 2826 missis
462 2787 499 2827 ex
519 2769 724 2830 venerabilium
747 2770 866 2830 lhatrum
889 2781 1051 2830 nostrorum
1074 2789 1126 2828 nu-

95 2873 176 2913 mero
200 2853 305 2930 legatis
327 2853 493 2932 saepissime
516 2871 682 2931 egeramus,
709 2865 741 2914 ut
763 2873 800 2914 ex
822 2853 965 2915 simultale
989 2866 1019 2914 et
1042 2853 1126 2914 dissi-

96 2937 151 2998 diis
170 2937 255 2998 ambo
273 2940 302 2996 in
320 2957 404 2998 unum
419 2937 521 2996 foedus
535 2950 565 2998 et
578 2941 653 3018 piam
668 2941 822 2999 amicitiam
835 2942 945 3000 vellent
958 2941 1124 3010 convenire,

96 3023 315 3102 labentibusque
332 3041 503 3083 succurrere
523 3022 693 3084 Christianis
711 3021 811 3094 rebus3
835 3042 952 3102 quarum
970 3021 1126 3082 servanda-

96 3127 157 3168 rum
182 3126 266 3187 quum
288 3119 366 3168 esset
387 3107 444 3167 illis
461 3117 589 3186 potestas
607 3130 625 3168 a
642 3108 706 3167 Deo
724 3109 880 3188 praecipue
899 3106 1020 3179 tributa,
1047 3109 1072 3167 si
1094 3106 1124 3168 id

95 3213 154 3253 non
172 3203 308 3272 agerent,
336 3202 367 3252 ot
388 3191 425 3252 ad
448 3212 598 3252 commune
617 3193 842 3254 Christianorum
861 3194 966 3254 bonum
984 3211 1035 3252 sua
1054 3213 1124 3253 con-

96 3279 161 3338 silia
178 3297 236 3338 non
254 3277 428 3357 dirigerent,
447 3280 524 3339 acris
547 3290 577 3339 et
594 3297 696 3338 severa
713 3280 788 3340 ratio
807 3278 901 3340 eidem
919 3277 982 3338 lieo
1001 3277 1037 3336 ab
1055 3279 1126 3355 ipsis

96 3362 246 3424 reddenda
271 3374 358 3424 esset.
409 3363 463 3438 Qui
493 3363 646 3444 aliquando
672 3365 806 3444 precibus
833 3364 939 3424 nostris
965 3373 1125 3424 annuentes

96 3449 237 3511 Nicaeam
255 3467 288 3510 se
306 3450 474 3522 contulere,
494 3471 549 3531 qno
569 3471 621 3510 nos
639 3469 751 3531 quoque
770 3452 885 3530 longum
903 3449 974 3522 iter,
993 3457 1024 3508 et
1040 3449 1125 3510 senili

96 3536 186 3594 aetati
204 3545 322 3596 noemae
338 3535 527 3596 vehementer
544 3537 729 3609 contrarium,
748 3536 803 3596 Dei
822 3546 854 3594 et
869 3535 951 3615 pacis
965 3534 1125 3595 concilian-

96 3619 151 3680 dae
175 3639 263 3680 causa
285 3623 475 3701 suscepimus,
506 3641 599 3702 neqw
621 3623 863 3700 praetermisimus
884 3623 1012 3692 interea,
1039 3639 1124 3700 quum

97 3714 208 3785 tempus
231 3707 349 3768 concilii
370 3708 583 3787 praestitutum,
610 3706 758 3767 Kalendae
779 3705 917 3767 uidelicet
933 3705 1045 3776 Maiae,
1072 3723 1126 3783 ap·

97 3793 312 3875 propinquaret,
330 3801 391 3854 tres
408 3794 521 3871 legatos
539 3809 663 3853 summae
680 3793 793 3852 virtutis
811 3811 846 3852 ac
865 3788 1125 3851 auctoritatisala-

873 3877 911 3936 1*
