2652 4330
308 250 474 306 snssro
497 249 544 304 vr.
574 247 633 302 nn
656 203 946 302 rusurrronr.
1090 247 1140 304 an

89 407 186 452 suave
207 399 258 450 est
279 399 311 450 ct
330 409 402 450 onus
420 390 484 450 leve
500 389 537 464 ¹).
583 389 636 463 Qui
655 389 729 448 enim
747 397 811 448 tunt
828 387 879 447 tlti
898 385 966 458 llei,
995 384 1138 445 Chm‘stum

93 477 241 555 diligunt3
274 477 324 556 qni
343 485 439 534 autem
458 473 580 553 diligunt
598 495 660 534 cum
673 475 718 548 ²),
737 483 768 532 ut
785 475 905 550 ipsemet
922 481 1057 544 testatur,
1077 491 1140 531 ser·

93 572 164 622 vaut
183 579 347 622 sermones
366 561 438 632 eius,
458 558 534 640 quod
554 561 648 640 utique
668 577 731 618 cnm
750 557 845 618 divino
864 557 969 616 auxilio
987 567 1136 637 praestare

94 659 231 727 possunt.
283 645 373 706 Licet
399 647 474 705 enim
502 645 530 702 in
557 645 611 705 hac
634 643 748 704 mortali
767 643 828 704 nita
851 643 1027 720 quantumvis
1046 644 1138 702 saneti

95 742 124 792 et
143 733 218 792 iusti
238 733 272 791 in
293 731 370 792 levia
389 731 489 792 saltem
508 740 538 789 et
555 729 735 811 quotidiana,
760 746 831 808 quae
850 729 936 786 etiam
954 728 1078 788 venialia
1096 726 1140 786 di·

96 827 220 888 cuntur,
252 828 383 894 peccata
405 813 574 896 quandoque
599 814 716 884 cadant,
749 831 806 872 non
828 823 984 892 propterea
1007 809 1141 872 desinunt

94 919 160 959 esse
180 903 272 974 insti3
304 917 368 958 nam
391 900 530 957 iustorum
554 899 603 956 illa
624 915 681 955 vox
704 909 749 956 est
766 909 796 957 et
813 897 925 958 humilis
943 907 974 957 et
990 915 1080 956 verax
1092 898 1138 972 'la

94 987 224 1046 Dimitte
245 985 338 1046 nohis
356 983 457 1044 dehita
474 990 587 1053 nostra
607 999 661 1060 quo
680 980 721 1052 lit,
740 989 771 1039 ut
788 982 854 1040 iusti
871 983 925 1060 ipsi
944 1001 979 1041 eo
998 983 1088 1060 magis
1105 1001 1138 1042 se

96 1070 249 1148 obligatos
271 1063 526 1128 adambulandum
546 1067 574 1124 in
592 1068 639 1125 via
656 1067 780 1126 iustitiae
799 1067 906 1126 sentire
927 1065 1061 1140 debeant,
1081 1085 1137 1148 quo

95 1155 217 1214 liberati
243 1156 305 1212 iam
329 1171 347 1210 a
369 1153 550 1231 peccat04),
579 1153 654 1212 serti
677 1162 770 1212 autem
792 1151 862 1212 lacti
880 1151 943 1212 Deo
957 1153 1001 1226 ⁵),
1029 1152 1137 1225 sobrie,

95 1241 170 1298 iuste
200 1249 234 1298 et
263 1239 315 1316 pie
342 1237 472 1296 viventes
493 1236 636 1316 prolicere
659 1238 769 1316 possint
790 1256 844 1315 per
868 1233 1009 1298 Christum
1032 1237 1136 1310 lesum,

94 1341 148 1402 per
162 1323 192 1398 6)
225 1342 317 1402 quem
349 1341 496 1382 accessum
527 1322 686 1382 hahuerunt
711 1324 740 1382 in
766 1324 887 1400 gratiam
914 1324 1005 1383 istam.
1060 1321 1172 1384 Deusta

95 1428 222 1488 namque
250 1427 306 1468 sua
329 1409 423 1486 gratia
445 1407 533 1468 semel
555 1407 724 1468 iustificatos
742 1428 798 1467 non
817 1399 938 1481 deserit,
966 1409 1021 1469 nisi
1039 1410 1074 1468 ah
1094 1412 1137 1469 eis

95 1496 176 1572 prins
196 1493 371 1554 deseratur.
418 1493 516 1574 ltaque
540 1513 623 1554 nemo
646 1494 700 1553 sihi
723 1493 836 1554 insola
858 1492 1061 1555 lide-blandiri
1085 1494 1138 1555 de·

97 1578 161 1651 het,
191 1589 305 1658 putans
324 1577 380 1638 fide
399 1579 461 1638 sola
478 1599 509 1638 se
527 1578 663 1640 heredem
681 1575 744 1639 esse
764 1580 962 1652 constitutum,
990 1578 1137 1642 heredita-

93 1673 214 1744 temque
237 1675 476 1737 consecuturum,
500 1667 610 1726 etiamsi
629 1665 742 1724 Christo
761 1685 818 1726 non
837 1667 1039 1745 compatiatur,
1058 1677 1137 1727 utet

97 1751 350 1828 conglorificetur
361 1750 401 1824 l).
446 1751 522 1810 Nem
546 1761 577 1810 et
595 1752 727 1810 Christus
749 1753 825 1830 t‘pse,
852 1762 883 1810 ut
901 1753 992 1833 iuquit
1008 1749 1135 1834 Aposto-

97 1833 139 1893 lus
154 1837 201 1909 ⁸),
228 1855 321 1914 quum
341 1833 512 1912 essetfilt'us
529 1836 600 1908 Dei,
620 1837 727 1895 didicit
742 1856 780 1894 ea
798 1840 847 1909 iis,
868 1856 942 1916 quae
956 1855 1063 1918 passus
1082 1847 1134 1913 est,

93 1919 319 1990 obedientiam,
340 1927 372 1976 ct
387 1930 596 1980 consummatus
605 1916 710 1997 suctus
729 1930 773 1979 est
786 1921 917 1981 omnihus
931 1922 1135 2002 obtemperan-

99 2005 179 2064 tibus
202 2005 271 2066 siti
293 2021 384 2063 cuasa
406 2005 511 2063 salutis
528 2014 677 2065 aeternae.
723 2003 882 2085 Propterea
898 2005 1055 2086 Apostolus
1073 2009 1134 2088 ipse

97 2100 198 2150 monet
218 2087 410 2160 iustificatos,
429 2087 527 2148 dicens
540 2089 585 2164 ⁹):
607 2089 749 2163 Nescitis,
769 2094 849 2172 qaod
864 2094 900 2166 t't',
921 2096 974 2172 qui
989 2096 1019 2153 ἐκ
1037 2096 1134 2154 stadio

100 2185 242 2248 currunt,
270 2194 372 2234 omnes
394 2175 507 2252 quedem
530 2186 665 2248 currunt,
687 2178 743 2236 sed
763 2197 836 2238 unas
854 2180 967 2257 accepit
982 2179 1136 2242 bracium?

97 2261 150 2320 -St'e
169 2264 307 2332 currite,
332 2269 367 2318 ut
382 2261 644 2338 comprehendatis.
688 2264 755 2342 Ego
775 2265 869 2342 igitur
884 2266 929 2324 eie
947 2283 1050 2338 curre,
1074 2285 1133 2327 eon

100 2349 189 2422 quasi
209 2350 243 2407 in
269 2348 433 2405 circertum:
450 2347 501 2426 usic
513 2367 632 2426 pagno,
659 2367 718 2408 non
739 2349 826 2428 quasi
841 2367 938 2408 aerem
957 2349 1133 2424 verbereum

101 2433 153 2489 sed
170 2435 292 2512 cartago
312 2451 418 2510 corpus
435 2451 539 2504 meam,
563 2443 595 2492 et
610 2435 640 2493 ia
658 2436 826 2493 snectutem
844 2435 964 2514 redigo,
988 2455 1026 2494 ne
1035 2432 1134 2514 forte,

105 2535 188 2592 quum
209 2520 283 2578 olir's
296 2517 543 2596 praedicaverant,
563 2523 625 2598 epse
641 2520 787 2598 reprobus
806 2517 928 2596 effleim.
966 2517 1037 2580 ltem
1056 2522 1135 2600 prin-

104 2619 171 2681 ceps
193 2601 404 2684 Apostolorum
427 2601 527 2663 Petrus
541 2606 605 2679 ¹⁰):
629 2607 782 2684 Sotogt'te‚
806 2614 841 2664 ut
855 2624 915 2684 per
938 2605 1016 2666 dono
1042 2624 1135 2684 opero

104 2697 215 2748 certam
247 2698 377 2750 cestram
405 2692 587 2750 uocationem
616 2699 646 2750 et
668 2691 841 2750 electionem
859 2687 999 2770 saciant.
1052 2693 1135 2750 Ilaec

107 2775 181 2832 curia
204 2771 362 2853 foetentes
391 2795 451 2834 non
479 2775 644 2854 peccabitis
676 2778 847 2855 aliquando.
900 2773 983 2836 Unde
1011 2783 1134 2846 constat,

108 2875 156 2917 eos
175 2859 360 2921 orthodoxae
378 2861 529 2938 religionis
548 2859 698 2921 doctrinae
716 2859 864 2921 adversari
878 2863 940 2937 ¹¹),
960 2863 1008 2941 qui
1026 2861 1134 2932 dicunt,

109 2942 208 3004 iustum
236 2949 266 3006 in
294 2947 370 3004 omni
396 2945 473 3004 bono
501 2965 588 3024 opere
611 2947 711 3008 saltem
733 2947 886 3004 venialiter
907 2965 1047 3024 peccare,
1075 2955 1133 3016 aut,

107 3029 182 3104 quod
200 3030 412 3091 intolerabilius
430 3040 488 3101 est,
516 3050 623 3108 poenas
645 3041 779 3090 aeternas
797 3031 917 3102 mereri,
945 3039 1029 3107 atque
1050 3030 1134 3088 etiam

109 3129 160 3172 eos
174 3117 239 3191 ¹²),
264 3118 312 3196 (pri
329 3126 476 3187 statuunt,
492 3117 522 3174 in
540 3117 668 3176 omnibus
686 3114 821 3195 operibus
839 3115 928 3175 iustos
945 3132 1085 3192 peccare,
1113 3117 1136 3175 si

111 3197 138 3254 in
164 3201 220 3260 illis
247 3223 327 3264 suam
354 3203 479 3283 ipsorum
502 3199 663 3262 socordiam
684 3201 855 3273 excitando,
884 3209 915 3259 et
932 3217 997 3259 sese
1016 3197 1053 3260 ad
1071 3219 1124 3262 cur

113 3283 228 3346 rendum
246 3290 275 3350 in
294 3286 387 3348 stadio
405 3287 595 3360 cohortando,
615 3307 677 3348 cum
696 3289 762 3360 hoc,
780 3299 812 3348 ut
830 3288 859 3345 in
876 3285 975 3366 primis
989 3285 1129 3363 glorifice·

116 3376 159 3428 tur
175 3370 267 3447 Deus,
294 3374 458 3436 mercedem
482 3395 593 3456 qnoque
611 3375 756 3434 intuentur
774 3385 935 3444 aeternam,
964 3389 1047 3450 quum
1065 3372 1136 3432 scri-

116 3463 188 3527 ptum
211 3461 249 3518 sit
262 3462 325 3534 1³):
353 3461 502 3522 declinavi
522 3481 575 3522 cor
596 3481 687 3521 meum
711 3463 751 3520 nd
764 3458 928 3539 jaciendae
950 3455 1138 3538 r'ustaflcott'c-
1203 3505 1205 3518 ,

117 3555 166 3598 net
189 3553 253 3606 tuas
271 3556 399 3625 propter
419 3547 658 3619 retributionem,
687 3557 718 3606 et
739 3545 775 3606 de
793 3546 896 3625 Moyse
915 3542 994 3604 dicat
1010 3541 1138 3624 Aposto-

118 3619 158 3692 lus
171 3629 234 3704 14),
258 3631 334 3710 quod
353 3632 528 3711 respiciebat
546 3634 574 3691 in
593 3634 861 3692 remunerationem.
938 3675 941 3681 ·

113 3721 351 3849 4Wt)
365 3763 449 3828 Metili.
459 3762 504 3807 Xl.
514 3764 546 3806 tt.
561 3766 621 3813 -ἣ
636 3762 700 3806 loen.
715 3761 784 3855 nvi
797 3764 830 3856 ἲ.
844 3784 869 3794 -
882 3757 1141 3855 ³)1ll⁸llph'vdl{²0b:

113 3812 657 3956 [1822ῗρῩέξξ·ῑοὶὶζῖ“)ἳ.ἓὲ.’·ἓθ.ῐῧ)3ἳᾎῖ
668 3813 774 3907 tate.
800 3815 919 3907 ntlsslr
937 3815 1140 3906 eseli-22:

115 3923 137 3936 ·-
169 3915 213 3963 tc.
232 3915 907 3970 intr.canat-tatinum.extritum-tt)uste.
944 3911 1007 3956 tat.
1062 3939 1065 3948 .
