2652 4330
217 269 382 338 snssto
406 268 481 324 xtu.
517 270 576 326 DE
600 271 934 328 sucttttttsrts
1036 275 1091 336 01

78 413 161 494 quavis
178 413 263 492 ipsius
281 411 390 490 speciei
407 423 505 492 parte,
534 423 610 473 totus
634 415 700 474 item
719 415 770 473 sub
788 414 846 474 vini
868 416 966 495 specie
989 425 1020 476 et
1036 415 1087 476 sub

79 501 127 558 eins
143 498 266 578 partibus
285 498 405 558 exsistit.

339 637 366 684 0.
376 635 418 683 lv.
453 635 494 682 Dr
505 638 806 686 transsubstantiatione.
1097 655 1124 696 aa

149 719 283 790 Quoniam
306 730 401 777 autem
424 719 553 778 Christus
564 716 737 798 liedemptor
759 732 859 781 noster
881 742 985 801 corpus
1009 743 1088 782 suum

78 803 108 875 id,
125 801 194 882 quod
211 804 262 862 sub
285 805 382 882 specie
405 805 486 882 panis
510 805 705 877 ollerebst1),
732 825 800 865 vere
819 825 883 866 csse
907 807 993 877 dixit,
1021 806 1088 866 ideo
1190 829 1196 840 ’

77 907 224 967 persuasum
243 906 356 965 semper
373 890 403 946 in
422 889 548 948 ecclesia
557 888 611 948 Dei
630 891 693 959 fuit,
713 890 798 969 idque
817 911 891 950 nunc
910 891 1004 951 denuo
1023 912 1089 951 san·

77 985 115 1032 cta
130 974 196 1032 bace
214 973 342 1052 synodus
363 971 507 1043 declarat,
531 993 585 1052 per
602 979 852 1035 consecrationem
873 978 956 1054 panis
979 987 1009 1036 et
1030 977 1090 1036 vini

77 1061 282 1118 conversionem
301 1059 364 1116 lieri
383 1059 470 1116 totius
487 1058 661 1117 substantiae
675 1062 756 1137 panis
774 1061 803 1117 in
821 1061 1005 1121 substantiam
1023 1082 1111 1142 cor-v

76 1146 142 1230 Qris
163 1144 266 1203 Christi
289 1142 405 1201 Domini
432 1145 522 1202 nostri
532 1146 576 1215 ²),
604 1154 634 1202 et
660 1146 748 1203 totius
774 1145 949 1206 substantiae
975 1147 1034 1205 viui
1061 1147 1090 1204 in

77 1229 242 1288 substantiam
265 1229 411 1312 {turgt—ripis
433 1229 503 1287 eius.
542 1227 620 1301 Quae
648 1231 799 1288 conversio
827 1233 1034 1292 convenienter
1060 1241 1091 1290 et

76 1317 175 1394 proprie
209 1334 226 1373 a
261 1324 362 1372 sancta
390 1313 534 1371 catholica
569 1314 695 1372 ecclesia
730 1315 1009 1376 transsubstantiatio
1045 1327 1090 1376 est

78 1401 212 1480 appellata.

78 1537 132 1585 dv.
163 1537 203 1584 De
211 1537 285 1584 cultu
294 1541 322 1582 et
330 1535 496 1584 reiteratione
503 1534 564 1584 duic
578 1538 742 1584 sanctissimo
757 1545 922 1585 sacramento
936 1515 1088 1588 exbibenda.

147 1620 243 1681 Nullus
271 1621 368 1698 itaque
396 1618 542 1679 dubitandi
570 1620 650 1679 locus
676 1616 864 1699 relinquitur,
897 1624 963 1700 quin
991 1641 1089 1682 omues

78 1706 167 1764 Christi
183 1706 284 1767 lidelcs
302 1725 355 1784 pro
374 1723 453 1764 more
472 1707 501 1762 in
520 1704 665 1764 catholica
683 1706 810 1765 ccclesia
832 1727 947 1786 semper
968 1718 1102 1818 recepto¹

78 1792 163 1870 lantrjae
180 1793 297 1861 cultum,
317 1791 451 1868 quivero
470 1789 533 1848 Deo
552 1788 688 1862 debetur,
706 1791 773 1850 huic
792 1794 972 1852 sanctissimo
991 1756 1113 1853 sacra-l

78 1888 156 1935 mento
177 1880 204 1935 iu
226 1877 417 1936 veneratione
440 1875 642 1949 exbibeaut3).
679 1873 781 1954 Neque
805 1878 879 1935 enim
903 1876 970 1936 ideo
998 1880 1089 1937 minus

78 1973 114 2020 cst
127 1961 307 2033 adorandum,
328 1958 403 2040 quod
422 1961 509 2018 luerit
527 1979 544 2017 a
563 1959 677 2019 Christo
692 1959 823 2032 Domino,
842 1973 874 2020 ut
891 1971 1026 2034 sumatur,
1045 1963 1090 2021 in·

78 2049 233 2124 stitutum⁴).
252 2047 328 2107 Nam
347 2047 425 2104 illum
444 2044 564 2104 eundem
575 2044 665 2104 Deum
683 2055 863 2124 praesentem
882 2049 911 2106 in
930 2066 966 2106 co
985 2047 1088 2108 adesse
1136 2109 1140 2114 ,

79 2133 210 2207 eredimus,
230 2153 314 2214 quem
324 2132 413 2190 Pater
430 2141 564 2191 aeternus
582 2130 768 2191 introducens
782 2133 811 2190 in
830 2131 928 2192 orb'em
947 2143 1089 2193 terrarum

79 2216 185 2293 dicit⁵):
228 2223 269 2279 Εἰ
297 2220 426 2282 odorent
451 2236 514 2276 enm
542 2236 641 2276 omncs
667 2218 865 2295 engelisme-
899 2237 980 2298 quem
1013 2221 1089 2298 magi

78 2304 242 2379 procidentes
259 2301 455 2363 adoraverunt
464 2302 508 2377 6);
528 2321 611 2381 quem
629 2302 752 2381 denique
771 2303 799 2360 in
811 2300 940 2363 Galilaea
958 2305 994 2363 ab
1008 2303 1090 2383 Apo-

79 2391 144 2448 stolis
160 2389 307 2450 adoratum
326 2389 464 2462 frissel),
484 2389 626 2466 scriptura
645 2398 775 2446 testatur.

94 2475 98 2486 '
147 2475 281 2544 lleelarat
298 2485 452 2554 praeterea
470 2483 569 2532 sancta
588 2468 740 2552 synodus,'
754 2473 802 2552 pie
825 2484 855 2533 ct
876 2475 1014 2554 religiose
1038 2474 1124 2538 ad·ss

79 2555 173 2620 modum
194 2564 222 2620 in
246 2561 301 2619 Dei
325 2560 479 2619 ecelesiam
498 2558 642 2618 inductum
665 2560 752 2617 luisse
776 2559 850 2617 bunc
869 2564 1030 2635 morem⁸)‚
1058 2569 1090 2620 ut

29 2677 31 2682 ,
79 2645 178 2722 singulis
200 2648 282 2706 annis
304 2645 443 2724 peculiari
468 2643 588 2722 quodam
615 2654 646 2702 et
667 2645 742 2703 lesto
766 2642 812 2702 die
836 2647 1014 2723 praecelsum
1033 2645 1101 2732 bocp

80 2739 103 2786 et
116 2732 273 2792 venerabile
296 2739 504 2789 sacramentnm
526 2730 663 2806 singulari
685 2732 873 2789 veneratione
897 2751 931 2790 ac
954 2733 1089 2791 solemni-

80 2823 127 2874 tate
144 2818 348 2886 celebraretur,
366 2826 453 2893 utquc
472 2818 500 2873 in
519 2815 751 2893 processionibus
765 2827 933 2875 reverenter
950 2827 980 2876 et
997 2816 1089 2875 bono·

79 2899 146 2960 rilicc
164 2903 230 2962 illud
248 2921 303 2982 per
319 2903 380 2961 vias
398 2911 428 2959 et
446 2901 511 2960 loca
529 2899 645 2978 publica
664 2901 947 2976 circumferendos).
966 2900 1089 2980 Aequis·

80 2986 162 3046 simum
179 3000 223 3047 cst
241 2989 315 3047 enim
334 3005 434 3045 sacros
456 2987 566 3063 aliquos
585 2993 707 3042 statutos
726 3003 789 3043 esse
808 2984 884 3055 dics,
904 3004 987 3063 quum
1007 2985 1090 3044 Chri·

80 3072 149 3132 stiani
167 3093 262 3134 omnes
281 3072 418 3150 singulari
436 3091 472 3131 ac
490 3089 557 3129 rara
576 3069 694 3147 quadam
714 3069 923 3146 significatione
942 3081 1041 3148 gratos
1060 3081 1091 3131 et

81 3173 203 3218 memores
221 3169 364 3219 testentur
381 3159 490 3217 animos
510 3175 580 3233 crgn
604 3173 780 3214 communem
798 3154 946 3214 Dominum
965 3167 996 3215 et
1013 3156 1090 3216 lled·

82 3254 219 3321 emptorem
243 3265 295 3325 pro
318 3255 375 3302 tam
399 3241 537 3303 ineffabili
560 3253 590 3300 et
616 3241 700 3320 plane
728 3239 824 3300 divino
847 3241 1004 3311 beneficio,
1034 3262 1089 3322 quo

82 3332 165 3388 mortis
182 3333 243 3391 eius
261 3332 384 3390 victoria
402 3339 432 3388 et
450 3327 606 3405 triumphus
624 3337 866 3405 repraesentatur.
902 3325 948 3386 Ac
966 3327 1008 3386 sic
1028 3329 1091 3406 qui·

83 3408 134 3471 dem
151 3417 274 3495 oportuit
292 3416 441 3474 victricem
459 3415 608 3472 veritatem
627 3411 663 3472 de
682 3411 831 3472 mendacio
854 3422 884 3472 et
906 3411 1019 3471 haeresi
1040 3414 1091 3472 tri-

83 3499 196 3576 umphum
214 3521 311 3579 agere,
331 3512 362 3560 ut
381 3501 441 3559 eius
460 3497 617 3558 adversarii
636 3499 664 3556 in
684 3509 840 3578 conspectu
862 3499 933 3557 tanti
956 3498 1091 3579 splendo-

83 3581 122 3652 ris,
139 3588 209 3644 etin
228 3597 306 3645 tanta
324 3587 473 3645 universae
493 3585 636 3645 ecclesiae
656 3585 764 3642 laetitia
782 3584 868 3662 positi
885 3584 931 3644 vel
950 3583 1090 3645 debilitati

85 3690 276 3707 Ἢ

125 3728 195 3776 Sesn.
209 3733 279 3779 xltt.
299 3739 318 3784 1)
330 3734 518 3778 tus.xx11.1s.
533 3735 598 3777 loen.
608 3732 650 3776 Vl.
661 3736 694 3775 ts.
704 3746 729 3786 sq
748 3764 753 3774 .
767 3735 772 3772 Ι
786 3733 839 3776 Cer.
849 3732 895 3776 XI.
904 3735 939 3777 24.
948 3755 974 3768 -·
995 3735 1019 3786 2)
1029 3737 1090 3778 cdd.

84 3777 107 3820 ll.
116 3781 144 3826 tt.
153 3785 179 3828 de
188 3799 251 3829 conr.
260 3787 388 3882 (Ambronp
397 3810 421 3820 -
431 3787 462 3830 el.
472 3785 527 3830 infr.
538 3800 588 3830 cen.
598 3788 618 3826 2.
631 3808 658 3817 -
682 3787 706 3838 3)
716 3745 746 3826 cd.
761 3784 815 3826 inlr.
827 3797 876 3828 can.
887 3787 907 3828 d.
922 3807 945 3818 ··
973 3787 996 3839 l)
1006 3785 1090 3830 ntotth.

84 3827 200 3880 xxv1026·
210 3861 236 3870 —
260 3841 280 3890 ⁵)
292 3838 362 3882 Hebrn
387 3870 393 3882 ι
403 3840 454 3882 ⁶·—
479 3841 493 3880 ἢ
513 3837 595 3880 Matth-
606 3835 639 3880 Π.
649 3839 681 3878 ¹¹·
692 3859 716 3868 '¹'
734 3837 757 3888 τ)
766 3836 848 3880 matth.
859 3834 977 3879 XXVIII·
986 3841 1018 3880 Π,
1033 3837 1090 3880 Luc·

84 3877 163 3982 ¹¹,le
174 3891 246 3981 enf-
269 3891 292 3944 s)
303 3889 334 3985 cp.
344 3905 381 3950 ep.
392 3891 479 3934 cronno
503 3889 531 3934 v.
543 3888 639 3932 retusam
654 3889 677 3928 nn
688 3885 760 3930 crem.
771 3892 789 3930 n.
801 3888 828 3930 ae
839 3886 906 3940 relig.
922 3887 980 3930 nom.
996 3887 1040 3930 un.
1055 3889 1087 3930 no

85 3952 105 3964 ··
141 3951 327 3986 e.nnraean..
1033 3965 1036 3972 ·

1152 1715 1174 1768 li
