2654 4334
310 229 390 283 run
413 198 987 287 cuucrn.ru1n.'1urtovensu.
1080 225 1153 294 e‘eu

115 369 253 446 Quorum
269 381 366 434 :utnon
389 369 568 451 hospitalium
592 371 753 432 melotibus
776 373 804 431 in
827 383 944 434 unctus
967 371 1152 436 obedientiae

112 459 232 517 minute
251 455 424 528 mundemus,
447 467 479 516 ut
495 458 523 516 iu
542 457 599 516 illis
616 455 771 517 secundnm
789 457 1052 520 immanissimus
1071 461 1152 522 insti·

111 553 188 603 ‘ute
205 553 236 602 et
253 543 383 622 untiquus
400 543 598 602 ebmsuntius
621 541 773 622 providere
795 544 982 624 pauperibus,
1006 555 1037 604 et
1055 545 1153 626 bospi-

120 629 265 688 telitutenn
288 623 412 688 debitum
434 630 464 687 in
486 629 542 688 illie
565 639 666 689 tenere
688 639 857 708 procureut3
884 627 922 688 ud
942 628 1016 709 quod
1034 650 1088 710 per
1105 652 1152 692 su·

111 717 257 794 ,puriores
275 723 374 773 umen
393 724 474 774 crete
491 712 673 774 districtione
690 725 846 792 cogentur,
875 717 988 774 slutrntis
1009 726 1060 776 eut
1080 737 1152 778 cen·

111 797 322 858 suetudinibus
340 799 512 878 quibuslibet
529 819 587 860 uon
606 800 785 862 obstantibus
802 801 830 860 in
852 802 1026 879 praemissis.
1062 801 1151 863 Goto-

112 903 186 944 rum
200 895 316 944 numne
330 886 497 945 intentionis
509 887 632 958 exsistit,
652 885 736 966 quud,
756 889 780 944 si
795 905 867 965 queo
878 887 1039 966 hospitalis,
1058 887 1150 950 ultore

119 969 302 1042 velulturie,
326 981 356 1029 et
375 973 579 1032 coemeterium
598 972 633 1031 ab
652 973 768 1050 usuque
787 971 932 1044 hubentiu,
950 983 982 1032 et
997 973 1151 1053 presbyte-

119 1072 172 1115 res
191 1055 388 1128 celebrantes,
410 1066 443 1116 ct
460 1068 640 1117 nocumenta
658 1055 858 1117 ecciesiasticis
877 1059 1050 1138 pauperibus
1065 1060 1151 1119 urini-

111 1152 261 1214 struntes,
283 1159 336 1201 seu
358 1144 387 1201 in
410 1142 592 1221 parochiales
609 1153 740 1202 actores
759 1145 960 1203 consueverint
977 1145 1007 1203 in
1024 1145 1082 1204 illis
1099 1165 1150 1206 en·

117 1243 237 1298 eruere,
252 1226 409 1306 praemisse
423 1230 540 1308 entique
554 1225 732 1290 consuetudo
742 1239 874 1288 servunt
882 1227 975 1310 quoad
986 1229 1150 1292 exercende

115 1323 153 1372 et
169 1310 358 1372 ministruudu
375 1314 536 1393 spirituelis
553 1312 728 1394 suprodicte.
1203 1317 1206 1322 '

456 1453 463 1461 '
504 1447 699 1510 EUGENlUS
719 1449 768 1510 1v.

117 1559 164 1605 Ex
175 1553 218 1604 lib.
227 1554 258 1604 V.
284 1554 518 1614 Extruvegonstnm
535 1556 717 1616 communium,
733 1555 773 1600 tit.
785 1557 837 1602 Vll.
849 1555 879 1602 de
890 1555 1041 1617 privilegiis,
1058 1569 1114 1616 eep.
1125 1557 1148 1605 t.
1210 1569 1232 1624 '.
1298 1603 1305 1618 ,

113 1647 473 1704 (ΙΙΙηοιιιιθοιιΧΧΙΙΙᾹο
481 1647 576 1695 reiurn.
588 1664 638 1706 unp.
649 1655 669 1696 t.
679 1655 705 1694 et
718 1649 783 1694 Sese.
793 1648 885 1694 XXIV.
901 1650 930 1694 de
938 1649 1033 1694 return.
1044 1663 1096 1710 cup.
1105 1655 1148 1706 il.)

208 1741 311 1801 Divino
332 1744 362 1801 iu
383 1743 521 1801 eminenti
544 1741 620 1801 sedis
642 1742 821 1820 apostolicus
840 1741 957 1820 specedu
973 1741 1147 1823 disponente

113 1827 276 1887 clementie
294 1823 441 1888 curmusi
470 1825 506 1888 ud
525 1846 560 1886 cu
579 1827 703 1890 libenter
719 1824 900 1898 intendimus,
919 1845 974 1907 per
989 1847 1064 1907 qnae
1084 1829 1149 1888 sii-

110 1913 212 1972 cieles
229 1911 396 1993 praedictae
415 1911 492 1972 sedis
510 1913 653 1992 obsequiis
676 1913 738 1971 eins
757 1909 806 1987 (ud
820 1929 902 1990 puuru
915 1913 1004 1972 ueluti
1023 1912 1148 1974 liduliuun
1182 1944 1191 1978 ν,

111 2000 246 2060 oninium
272 2009 391 2059 metuens
418 2017 472 2078 pru
498 2001 654 2058 unimurum
683 1996 774 2058 sulete
802 1996 966 2077 quaerenda
992 2008 1024 2057 et
1041 2000 1148 2058 iustitie

117 2082 322 2164 proserpreudu
349 2083 386 2144 du
412 2082 532 2144 dirersis
559 2081 654 2143 mundi
681 2083 809 2163 pertibus
837 2083 955 2142 conlinit
972 2082 1146 2162 multitudo,)

115 2173 207 2229 tutius
230 2181 260 2230 et
283 2169 404 2250 quietius
426 2188 458 2229 se
476 2172 667 2250 promptiores
684 2168 800 2229 valeant
820 2168 968 2229 exhibere.
1001 2169 1074 2230 ilinc
1093 2181 1146 2242 est,

116 2253 197 2334 quod
215 2273 268 2315 noe
286 2274 323 2315 ex
341 2257 430 2315 cestio
448 2255 665 2316 rationabilibus
684 2256 777 2315 cuusis
791 2255 875 2325 meti,
894 2256 980 2314 etiem
995 2257 1147 2316 nosnullo·

116 2357 180 2399 rum
191 2341 447 2420 praedeeessorum
462 2353 624 2401 nostrornm
637 2342 767 2420 vestigiis
780 2339 973 2413 intumentes,
988 2339 1146 2400 districtius

115 2426 279 2486 inhibemus
294 2428 423 2486 locorum
437 2425 601 2499 ordinariis,
625 2445 679 2487 nec
694 2443 750 2486 uon
766 2427 967 2486 commissoriis
980 2437 1010 2488 et
1029 2425 1147 2505 delegu-

114 2513 156 2570 tis
170 2531 280 2584 eorum,
300 2514 463 2592 ceterisque
477 2514 618 2573 universis
632 2523 661 2573 et
676 2514 803 2592 singulis,
824 2529 992 2592 quecunque
1001 2522 1145 2592 potestate

112 2609 150 2657 et
168 2600 343 2658 anctoritate
358 2598 567 2678 praefulgeant,
588 2601 781 2678 cuiuscunque
799 2596 956 2676 dignitatis,
976 2597 1082 2677 gradus
1100 2599 1145 2658 vel
1159 2613 1198 2655 osc

116 2684 362 2762 praeeminentiae
381 2683 495 2754 luerint,
514 2703 551 2743 ne
571 2694 672 2742 contre
690 2684 830 2744 officiales
845 2683 999 2762 praelatos,
1019 2703 1147 2766 quocun·

118 2787 175 2848 que
193 2770 308 2829 nomine
328 2780 539 2848 nuncupentur,
566 2770 595 2826 in
613 2769 720 2827 nostris
742 2779 773 2828 et
791 2766 886 2828 dictae
902 2768 982 2829 sedis
1001 2771 1146 2850 obsequiis

117 2873 194 2914 nunc
213 2865 244 2913 et
261 2875 313 2933 pro
333 2866 461 2934 tempore
484 2855 670 2924 exsistentes,
697 2873 752 2912 nec
780 2873 836 2911 niun
864 2873 1046 2934 quoscunque
1074 2856 1146 2913 ulios

115 2959 172 3018 pro
191 2941 260 3012 suis,
284 2951 314 3000 et
332 2959 430 3000 eorum
449 2942 543 3000 censis
560 2939 607 2998 vel
625 2939 749 3016 negotiis
768 2937 974 3017 prosequendis
992 2936 1028 2997 ud
1048 2938 1145 2999 sedern
1192 2973 1193 2978 κ

114 3021 295 3103 praedictum
311 3026 471 3097 venientes,
491 3045 526 3084 ac
544 3025 573 3084 in
591 3043 626 3084 eu
650 3023 784 3099 (durante
797 3024 977 3101 negotiorum
995 3033 1027 3082 et
1045 3043 1145 3083 cunsu-

110 3125 178 3168 rum
197 3109 356 3170 huiusmodi
374 3112 591 3190 prosecutione)
611 3129 719 3170 murum
737 3108 898 3181 trabentes,
920 3119 952 3168 ct
970 3105 1143 3170 recedentes

108 3193 152 3254 ub
171 3192 287 3268 sudem,
306 3195 482 3276 precellere,
502 3207 551 3256 eut
572 3198 602 3255 in
618 3215 670 3256 eos
689 3195 1005 3266 ercumnsuuieutioeis,
1025 3209 1144 3275 suspen·

109 3280 205 3340 sionis
223 3283 269 3340 sel
292 3279 453 3353 interdicti,
482 3288 531 3341 unt
546 3279 715 3361 privationis
736 3277 900 3340 ciliciorum
916 3289 968 3338 eut
984 3280 1144 3340 beheim

110 3383 187 3439 num,
206 3385 258 3426 seu
277 3368 402 3448 quumvis
420 3367 504 3426 ulium
522 3369 691 3426 sumentium
709 3367 893 3446 promulgare
911 3376 1103 3448 preeminens.

200 3449 264 3512 itus
283 3453 357 3512 eninr
377 3465 475 3512 omues
493 3463 524 3512 et
539 3453 667 3530 singulus
685 3465 839 3532 processus
853 3461 883 3511 et
895 3452 1053 3510 sententies
1072 3465 1143 3510 con·
1249 3482 1254 3491 =

109 3547 160 3596 tre
177 3546 310 3598 tenorem
327 3545 360 3597 ct
375 3547 499 3598 nomem
518 3545 633 3598 nomme
649 3538 827 3598 inhibitionis
845 3535 1004 3596 huiusmodi
1021 3536 1095 3597 lates
1111 3548 1143 3597 er

110 3620 242 3696 habites,
270 3622 347 3683 etin
365 3631 510 3704 posterum
527 3622 674 3684 humus
692 3641 727 3684 ue
746 3625 831 3683 etiem
846 3617 1083 3704 promulgantes,
1110 3634 1143 3682 es

110 3721 302 3789 quecumque
328 3707 397 3770 inde
422 3705 534 3782 scema,
561 3708 739 3770 teutsinus
765 3705 852 3780 uuile,
880 3710 961 3768 irrisu
987 3720 1018 3770 et
1033 3709 1140 3779 maele,
1197 3715 1207 3734 ³
1277 3712 1282 3720 “

113 3787 275 3876 nulliusque
294 3793 437 3856 exstitisse
455 3797 501 3856 sel
522 3797 665 3856 emerere
681 3795 798 3854 miscis
822 3796 870 3855 eet
897 3797 1042 3856 mouenti.
1077 3793 1141 3854 Nee

111 3894 172 3940 uun
197 3879 335 3963 *quiequid
360 3879 390 3940 iu
418 3883 591 3942 contrarium
615 3903 631 3942 a
654 3893 809 3962 quoquam,
829 3883 930 3962 quoda
956 3880 1139 3952 murium,
