2654 4330
152 221 155 228 ’
211 219 263 312 εδ
399 250 757 309 sessurum-nu
787 219 1056 304 nurn'nmar.

211 404 375 474 exemptos,
404 395 450 474 qui
480 394 550 454 alias
577 412 646 454 suae
674 390 865 454 iurisdictioni
888 389 1051 462 obessent,
1080 385 1117 448 de
1140 404 1229 447 eorum

211 480 391 552 excessibus,
411 480 575 541 criminibus
594 490 624 539 et
641 478 770 550 delictis,
789 478 902 560 quoties
920 489 950 537 et
964 473 1075 556 quaudo
1092 493 1162 554 opus
1175 474 1230 534 luc·

210 567 263 637 rit,
292 569 377 626 ctiam
405 577 488 626 extra
513 566 720 636 visitationem,
755 575 885 644 tanquam
913 561 949 624 ad
977 562 1033 622 boc
1060 558 1229 641 apostolicae

211 650 287 711 sedis
305 651 447 731 delegati,
467 648 634 728 corrigendi
651 662 683 710 et
699 650 860 728 castigandi
878 649 1043 710 facultatem
1058 647 1229 718 babeant¹):

211 738 426 818 quibuscunque
441 735 680 815 exemptionibus,
700 734 953 807 declarationibus,
973 731 1228 800 consuetudinibus,

210 823 375 895 sententiis,
399 823 580 891 insumentis,
606 819 786 894 concordiis,
805 840 878 900 quae
896 840 963 880 suos
980 830 1090 879 tantum
1110 818 1230 894 obligent

157 906 161 916 ’
211 918 359 980 auctores,
387 909 457 988 ipsis
476 906 606 978 clericis,
635 926 670 966 ac
688 926 787 967 corum
806 907 1041 984 consanguineis,
1071 903 1229 984 capellanis,

210 993 411 1065 familiaribus,
430 992 680 1072 procuratoribus,
705 1003 735 1052 et
752 993 817 1052 aliis
835 991 1020 1072 quibuslibet,
1044 992 1169 1071 ipsorum
1186 1006 1230 1048 ex·

212 1091 372 1159 emptorum
391 1081 634 1159 contemplatione
654 1090 684 1138 et
702 1079 804 1139 intuitu
822 1080 936 1138 minime
955 1075 1184 1158 suffragantibus.

159 1246 196 1288 tao
278 1237 305 1282 G.
319 1235 350 1286 V.
388 1236 606 1284 ornamentorum
624 1235 769 1282 iurisdictio
788 1238 868 1282 certis
880 1217 980 1294 fidibus
1000 1231 1170 1280 concluditur.

96 1337 112 1368 ⁶
295 1337 429 1419 lusuper,
457 1355 540 1416 quum
559 1338 703 1410 nonnulli,
732 1340 779 1416 qni
798 1337 848 1396 sub
867 1345 1033 1416 praetextu,
1058 1333 1135 1414 quod
1153 1348 1230 1412 snper
1295 1269 1297 1388 l

209 1422 292 1482 benis
316 1434 346 1482 et
367 1422 453 1484 rebus
475 1443 510 1484 ac
534 1424 642 1484 iuribus
665 1425 723 1482 suis
742 1423 873 1484 diversae
893 1425 936 1483 eis
954 1423 1077 1482 iniurias
1096 1439 1131 1480 ac
1149 1418 1230 1478 mole·
1296 1435 1297 1498 ζ

178 1500 186 1508 ’
210 1510 283 1568 stiae
302 1509 476 1582 inferantur,
505 1520 602 1570 certos
621 1509 732 1570 iudices
749 1531 802 1590 per
820 1510 920 1568 literas
938 1509 1170 1568 conservatorias
1185 1503 1230 1562 de·
1296 1511 1297 1530 ¹

209 1597 303 1674 putari
331 1596 475 1667 obtinent,
504 1598 552 1674 qui
580 1595 646 1655 illos
673 1617 690 1655 a
716 1597 856 1656 molestiis
882 1605 913 1654 et
938 1594 1050 1655 iniuriis
1077 1587 1229 1654 huiusmodi
1296 1659 1297 1670 χ

167 1687 173 1700 '
209 1691 344 1740 tucantur
362 1701 396 1742 ac
416 1681 586 1753 defendant,
615 1695 646 1743 et
663 1685 693 1741 in
710 1685 892 1763 possessione
909 1691 962 1742 seu
985 1683 1065 1762 quasi
1087 1681 1228 1748 bonorum,

210 1785 305 1826 rerum
324 1788 359 1827 ae
377 1769 479 1828 inrium
498 1787 612 1829 snorum
631 1789 714 1829 manu
737 1781 856 1830 teneant
878 1779 908 1830 ot
931 1779 1119 1840 conservent,
1146 1781 1228 1844 neque
1296 1767 1297 1832 j

210 1872 297 1932 super
315 1855 371 1913 illis
390 1873 441 1914 eos
459 1855 606 1914 molestari
624 1858 803 1935 permittant,
822 1854 961 1916 eiusmodi
980 1855 1079 1914 literas
1094 1855 1124 1914 in
1137 1853 1229 1933 pleris-

211 1957 265 2017 que
293 1951 395 2000 contra
418 1939 606 2000 concedentis
630 1954 751 2003 mentem
775 1946 804 2004 in
827 1942 980 2021 reprobum
1003 1959 1118 2001 sensum
1141 1939 1229 2000 detor·

210 2036 330 2103 queant:
367 2025 478 2087 idcirco
510 2028 616 2087 nemini
648 2030 778 2100 omuino,
815 2030 1007 2107 cuiuscunque
1034 2026 1181 2106 dignitatis
1203 2035 1228 2084 at

210 2109 384 2170 conditionis
403 2114 453 2184 sit,
473 2113 602 2172 etiamsi
622 2115 774 2193 capitulum
792 2115 893 2186 luerit,
919 2116 1154 2174 concursatorias
1172 2114 1228 2172 lite·
1295 2171 1296 2190 ,

210 2214 276 2267 rae,
301 2216 364 2255 cum
383 2198 597 2276 quibuscunque
617 2199 750 2259 clausulis
769 2210 818 2259 aut
836 2198 975 2271 decretis,
1000 2210 1030 2259 ct
1048 2217 1228 2279 quorumcnn·
1295 2199 1296 2202 ’

211 2300 264 2360 que
283 2281 407 2343 iudicum
426 2281 626 2363 deputatione,
651 2304 824 2365 quocunqne·
839 2287 924 2345 ctiam
942 2285 1000 2344 alio
1018 2297 1170 2364 praetextu
1187 2291 1228 2342 aut

185 2449 188 2454 1
210 2367 309 2426 colore
329 2387 501 2439 concessae,
521 2367 712 2448 suffragentur
730 2372 767 2431 ad
786 2371 855 2444 boc,
874 2382 906 2430 ut
920 2390 1017 2432 coram
1033 2392 1084 2432 sno
1101 2375 1227 2453 episcopo

209 2454 269 2511 sive
289 2453 345 2512 alin
365 2455 515 2533 superiore
535 2452 681 2515 ordinario
704 2458 732 2516 in
757 2458 950 2518 criminalibus
973 2468 1003 2516 ct
1025 2460 1121 2518 mixtis
1145 2456 1227 2517 causis
1294 2471 1295 2476 ¹

209 2539 340 2597 accusari
364 2549 394 2597 et
417 2541 578 2612 conveniri,
606 2561 641 2601 ac
665 2553 766 2604 contra
790 2563 853 2602 enm
872 2544 975 2622 inquiri
994 2554 1024 2602 et
1040 2542 1161 2624 procedi
1179 2555 1227 2599 nou

130 2645 140 2654 ·
209 2623 314 2702 possit3
343 2635 392 2683 aut
411 2625 589 2704 quominus,
613 2629 638 2686 si
657 2648 711 2708 qna
729 2631 792 2689 iura
811 2632 838 2688 ei
856 2649 893 2688 ex
912 2623 1102 2689 concessione
1122 2644 1228 2706 compe·

209 2709 322 2781 tierint,
342 2729 428 2789 super
445 2711 501 2771 illis
520 2711 610 2773 libere
628 2716 724 2774 valeat
742 2713 816 2795 apud
835 2713 958 2777 indicem
978 2713 1152 2776 ordinarium
1166 2730 1227 2773 con·

209 2794 311 2853 veniri.
365 2795 397 2856 ln
425 2797 554 2858 civilibus
581 2801 667 2859 etiam
696 2803 802 2872 causis,
834 2803 858 2858 si
886 2803 947 2880 ipse
974 2811 1058 2861 actor
1084 2797 1226 2864 exstent
1293 2837 1294 2868 i

209 2966 281 3025 bere
296 2967 408 3027 minime
423 2971 520 3030 liceat.
555 2963 637 3044 Quod
655 2972 680 3030 si
698 2974 726 3031 in
744 2974 780 3032 iis
799 2973 904 3044 causis,
924 2975 953 3031 in
973 2973 1072 3053 quibus
1091 2976 1151 3055 ipse
1169 2985 1227 3032 reus

209 3053 311 3122 luerit,
339 3056 508 3133 contigerit,
535 3067 568 3115 nt
594 3058 705 3117 electus
731 3058 767 3118 ab
796 3079 831 3118 eo
860 3070 1052 3120 conservator
1073 3062 1110 3122 ab
1136 3067 1226 3119 actore

210 3149 357 3216 suspectus
376 3159 439 3200 csse
459 3140 584 3212 dicatur,
604 3153 654 3201 aut
670 3145 694 3202 si
714 3163 768 3222 qna
786 3146 861 3204 inter
878 3145 956 3224 ipsos
974 3145 1098 3220 iudices,
1118 3158 1227 3206 conscr·
1292 3211 1293 3224 χ

209 3232 338 3282 vaterem
356 3237 388 3284 et
406 3224 595 3298 ordinarium,
621 3233 820 3291 controversia
836 3249 924 3310 super
941 3234 1133 3313 competentia
1151 3228 1226 3288 iuris·
1292 3229 1293 3270 t

210 3307 344 3369 dictionis
364 3322 428 3369 orta
445 3311 546 3384 fuerit,
575 3333 750 3394 nequaquam
769 3319 797 3376 in
817 3337 903 3378 causa
925 3319 1113 3399 procedatur,
1142 3315 1225 3374 donec

209 3411 262 3472 per
280 3395 403 3454 arbitros
422 3396 451 3453 in
470 3397 561 3457 lorma
580 3399 649 3458 iuris
667 3402 777 3463 clectos
795 3423 882 3484 snper
899 3407 1062 3484 suspicione
1081 3415 1130 3466 aut
1150 3399 1227 3460 iuris·

157 3477 198 3524 ¹³⁰
210 3479 344 3540 dictionis
363 3486 556 3559 competentia
573 3485 661 3544 fuerit
678 3487 842 3552 iudicatum.
870 3489 1065 3553 Familiaribns
1078 3508 1146 3552 vero
1161 3485 1225 3550 eins,
1291 3547 1292 3562 ,

211 3568 258 3644 qni
276 3565 435 3625 huiusmodi
454 3569 545 3629 literis
563 3577 787 3634 conservatoriis
805 3578 880 3636 tueri
898 3597 930 3636 sc
948 3579 1056 3650 solent,
1080 3575 1148 3638 nibil
1165 3569 1225 3630 illae
1291 3571 1292 3574 ’

210 3651 334 3730 prosint,
363 3663 562 3734 praeterquam
587 3656 696 3720 duobus
715 3658 866 3734 duntaxat,
894 3665 919 3722 si
938 3673 1032 3724 minen
1050 3663 1093 3723 illi
1109 3654 1225 3742 propriis

211 3737 272 3794 eins
286 3737 441 3815 sumptibus
455 3742 589 3802 vixerint.
617 3743 709 3806 Nemo
729 3749 814 3808 etiam
832 3750 963 3810 similium
981 3750 1126 3812 literarum
1144 3745 1224 3804 bene·

214 3860 424 3878 Μ

263 3932 339 3980 Seu.
357 3937 421 3984 xlv.
448 3945 470 3999 1)
485 3943 515 3989 ci.
531 3945 595 3991 Sam.
609 3947 651 3993 vt.
667 3950 695 3994 tle
709 3949 753 3994 rei.
769 3964 788 3994 c.
802 3957 823 3996 4.
843 3953 906 3999 Sans.
921 3954 1013 3998 XXIV.
1026 3955 1056 3998 tls
1070 3948 1112 3996 rai.
1129 3959 1148 3992 t·
1159 3947 1180 3990 ὅ·
