2654 4334
267 296 538 354 assaroxxv.
581 295 932 358 numennumen.
1053 301 1133 374 soa

97 447 297 518 spectatores,
334 438 637 500 excommunicationis
663 457 699 500 ae
734 450 892 518 perpetuae
920 437 1144 510 maledictionis
1183 485 1191 524 2

98 524 217 584 macuto
248 533 414 596 teneantur3
446 543 503 582 uon
531 523 663 584 obstante
690 543 859 604 quocunque
881 526 1047 606 privilegio,
1079 547 1131 596 sau

99 629 190 690 prava
210 607 428 681 comuetndise,
447 610 533 669 ctiam
552 607 778 673 immemorabili.

144 749 172 797 c.
194 747 255 796 ΧΧ.
293 747 366 806 Quae
382 753 446 794 aaut
461 748 527 794 turin
545 747 718 794 ecclem'astr'cs'
729 747 891 808 principibus
909 749 1088 798 saecularibus

507 815 724 864 muneraretur.

187 899 312 979 Cupiens
326 909 426 962 sancta
440 898 566 979 synodus
580 899 807 963 ecclesiasticam
818 899 997 981 disciplinam
1007 903 1036 965 iu
1047 900 1131 962 Chri·

97 987 195 1050 stiane
214 986 320 1065 populo
343 1005 401 1044 nen
419 986 510 1050 solum
528 987 653 1058 restitui,
681 984 734 1046 sed
756 986 841 1048 etiam
864 999 1005 1068 perpetuo
1024 999 1129 1051 sartam

99 1081 209 1137 metam
231 1090 249 1129 a
272 1070 484 1151 quibuscunque
507 1071 716 1150 impedimentis
738 1075 919 1144 conservari,
942 1083 1061 1153 practer
1083 1092 1128 1145 ea,

100 1175 175 1236 qua
197 1153 236 1222 de
258 1156 466 1222 aeclesiasticis
488 1157 620 1234 personis
643 1158 805 1229 conseruit,
828 1159 993 1220 saeculares
1017 1177 1129 1244 qnoque

98 1242 246 1323 principos
265 1240 351 1306 officii
377 1241 421 1300 ani
440 1239 635 1306 admonendos
653 1261 719 1304 esse
736 1245 862 1315 censuit,
891 1243 1040 1306 conlidens
1067 1264 1128 1314 eos,

99 1337 131 1394 ut
149 1327 324 1398 catholicos,
349 1346 421 1405 quos
438 1326 516 1390 Dans
539 1337 656 1389 sanctam
675 1325 742 1389 fidei
761 1329 961 1410 ecclesiaeque
980 1339 1128 1408 protecto·

99 1430 149 1473 res
168 1431 232 1472 esse
249 1413 393 1485 solutu),
412 1413 455 1470 ins
473 1431 552 1471 suum
571 1412 713 1472 ecclesiae
733 1415 845 1474 restitui
863 1435 919 1476 nnn
939 1424 1045 1477 tantum
1065 1434 1128 1479 csse

99 1515 307 1568 concessuros,
330 1495 382 1558 sed
405 1499 490 1556 etiam
508 1495 636 1557 subditos
655 1517 721 1557 suos
740 1518 838 1558 omnes
860 1495 896 1558 ad
916 1498 1039 1559 debitam
1059 1519 1129 1579 erga
1142 1527 1180 1570 act

100 1584 224 1655 elerum,
247 1583 393 1662 parcebas
415 1593 446 1642 et
467 1585 631 1662 superiores
654 1581 772 1642 ordines
795 1585 985 1644 reverentiam
1009 1603 1130 1646 revoca·

99 1679 197 1742 turrea
220 1687 274 1730 noc
297 1669 501 1747 permissuros,
523 1679 555 1732 ut
577 1668 714 1731 officiales
737 1679 786 1728 aut
808 1669 960 1732 mteriores
979 1672 1129 1748 magistra·

101 1764 148 1818 tus
174 1754 318 1821 aeclesiae
345 1763 376 1815 et
410 1773 596 1832 personarum
623 1754 884 1817 ecclesiasticarum
913 1756 1127 1828 immunitatem,

100 1838 157 1905 Itct
176 1837 359 1905 ordinatione
382 1849 413 1898 et
431 1840 579 1901 canonicis
597 1838 793 1902 sanctionibus
814 1841 1011 1914 constitutam,
1031 1841 1128 1920 aliquo

100 1923 268 2003 cupiditatis
286 1923 379 1986 studio
398 1943 449 1984 seu
467 1921 730 1985 inconsideratione
748 1923 844 2004 aliqua
861 1925 983 1998 violent3
1003 1924 1055 1986 scd
1073 1945 1129 1987 une

99 2029 165 2070 cum
194 2011 264 2090 ipsis
291 2010 466 2090 principibus
492 2007 616 2070 debitam
644 2011 735 2072 sacris
765 2029 937 2071 summorum
959 2008 1129 2077 Pontificum

101 2106 132 2155 et
151 2095 341 2156 conciliorum
365 2094 614 2155 constitutionibus
634 2089 842 2154 observantiam
867 2103 1025 2174 praestent.
1070 2093 1128 2156 De·

99 2184 197 2242 ceruit
218 2182 314 2262 itaque
342 2190 373 2239 et
393 2182 548 2260 praecipit,
573 2199 671 2240 sacros
695 2199 820 2240 canones
843 2191 873 2239 et
896 2181 1020 2240 eoncilia
1038 2201 1129 2260 gene·
1201 2199 1203 2208 ¹

100 2268 171 2326 ralia
194 2268 297 2339 omnia,
317 2284 371 2325 nee
395 2285 450 2324 nou
469 2267 540 2324 alias
558 2266 732 2346 apostolicas
750 2267 928 2337 sanctiones,
952 2269 981 2326 in
999 2267 1127 2326 favorem

100 2353 365 2412 ecclesiasticarum
374 2369 569 2431 personarum,
589 2351 729 2412 libertatis
739 2351 967 2423 ecclesiasticae,
987 2362 1128 2412 etcontra
1173 2360 1175 2363 ’

99 2440 164 2498 eins
186 2439 343 2498 violatores
370 2435 475 2508 editas,
505 2455 577 2515 qnae
605 2438 698 2496 omnia
724 2439 870 2516 praesenti
898 2439 984 2497 etiam
1002 2436 1126 2516 ⁴decreto

101 2527 233 2594 innovat,
261 2533 363 2582 exacte
382 2522 417 2582 ab
437 2523 565 2584 omnibus
584 2521 731 2584 observari
750 2522 867 2584 debere.
912 2522 1127 2602 proptereaque

99 2607 237 2674 admonet
251 2611 463 2688 imperatorem,
482 2626 577 2688 reges,
596 2608 788 2686 respublicas,
806 2609 960 2687 principes,
980 2620 1011 2667 ct
1028 2627 1127 2668 omnes

101 2704 131 2755 et
154 2695 299 2772 singulos,
326 2695 518 2772 cuiuscunque
545 2703 635 2754 status
662 2703 693 2758 et
710 2691 857 2772 dignitatis
884 2695 1057 2768 exstiterint,
1086 2703 1131 2772 ut,

100 2799 161 2858 que
182 2779 292 2858 largius
311 2779 395 2848 benis
417 2779 622 2857 temporalibus
645 2788 729 2858 atque
748 2780 777 2842 in
800 2779 873 2838 alios
896 2790 1038 2858 potestate
1062 2791 1128 2843 sunt

101 2866 212 2937 armti,
232 2885 268 2928 eo
287 2866 413 2930 mucuns
431 2883 504 2943 quae
523 2864 716 2925 ecelesiastici
741 2864 810 2924 iuris
833 2873 898 2923 sunt
921 2875 1053 2947 tanquam
1072 2863 1126 2926 Dei

100 2962 260 3030 praecepta
279 2953 397 3029 tutaque
420 2951 582 3028 patrocinio
606 2960 684 3011 tecta
706 2957 894 3020 venerentur,
921 2967 976 3010 nec
1003 2949 1039 3011 ab
1062 2949 1126 3010 ullis

99 3037 267 3107 baronibus,
287 3035 456 3108 domicellis,
475 3035 646 3106 nectanibus,
665 3035 763 3100 aliisve
783 3032 904 3095 dominis
922 3032 1126 3117 temporalibus

100 3141 153 3182 seu
180 3122 407 3200 magistratibus,
440 3121 617 3200 maximeque
649 3119 783 3182 ministris
810 3121 935 3199 ipsorum
966 3121 1126 3201 principum

99 3207 177 3271 laedi
195 3210 353 3287 patientum
381 3205 432 3268 sed
454 3225 556 3268 severe
574 3207 603 3266 in
626 3226 692 3278 eos,
715 3207 763 3286 qui
780 3205 855 3265 illius
873 3205 1050 3278 libertatem,
1073 3208 1126 3266 im·

98 3295 266 3360 nectutem
280 3304 365 3372 atque
376 3291 602 3358 iurisdietionem
611 3291 777 3372 impediunt,
792 3289 1027 3353 animadvertant.
1058 3291 1126 3364 Qni-

97 3380 152 3443 bns
175 3381 263 3441 etiam
284 3381 398 3459 ipsimet
415 3377 551 3456 exemplo
574 3376 611 3437 ad
633 3378 783 3458 pietatem,
810 3376 980 3456 religionem
1003 3376 1126 3436 ecclesi·

99 3485 236 3544 anumque
259 3466 469 3545 protectionem
488 3463 639 3533 exsistant,
659 3465 803 3524 imitantes
820 3463 983 3524 anteriores
1002 3463 1126 3542 optimos

98 3552 388 3630 religiosissimosque
411 3551 569 3630 principes,
598 3550 714 3626 quires
737 3549 879 3610 ecclesiae
903 3568 954 3610 sua
975 3549 1005 3607 ia
1027 3550 1125 3630 primis

98 3639 276 3700 auctoritate
303 3657 338 3696 ac
366 3636 557 3699 munificentia
585 3645 738 3704 auxerunt,
766 3633 868 3695 nedum
887 3635 922 3694 ab
942 3634 1062 3694 aliorum
1081 3637 1125 3694 in·

96 3723 172 3784 iuria
195 3720 384 3786 vindicarunt.
429 3720 569 3802 Adeoque
596 3739 632 3782 ea
659 3721 688 3780 in
711 3720 885 3802 requieque
905 3719 1027 3781 officium
1045 3741 1125 3784 suum

150 3971 229 4017 Seu.
247 3971 327 4016 XXV.
354 3975 377 4026 l)
392 3972 421 4017 uf.
433 3985 452 4018 n.
463 3975 497 4018 et.
507 3971 533 4016 G.
544 3969 639 4017 XXlll.
650 3985 688 4030 qn.
698 3975 718 4016 t.
729 3969 806 4027 (laid.)
