2652 4330
488 115 506 186 l

263 235 425 292 ssssno
451 236 497 289 vr.
537 236 597 290 nn
624 237 890 292 neronunr.
1041 243 1093 302 u

54 389 109 439 aut
131 376 170 438 de
193 375 333 436 fructibus
355 377 384 435 in
407 375 536 436 absentia
558 375 753 457 percipiendis
775 378 1020 457 suffragentur¹);
1049 383 1093 440 in-

58 463 217 542 dulgentiis
238 480 310 521 vero
333 470 363 520 et
384 459 644 540 dispensationibus
667 463 885 542 temporalibus,
914 484 951 524 ex
968 467 1045 525 veris
1064 477 1095 526 et

59 548 250 608 nationalibus
270 547 362 606 causis
381 557 487 606 tantum
507 548 669 617 concessis,
688 558 719 607 et
737 567 835 608 coram
853 547 1000 610 ordinario
1020 551 1094 630 legi-

59 637 129 694 time
160 631 331 712 probandis,
359 633 388 690 in
410 651 462 691 suo
486 627 593 693 robore
616 635 821 712 permansuris;
858 633 958 713 quibus
981 637 1095 696 casibus

58 719 245 779 nibilominus
264 717 389 776 officium
407 719 445 776 sit
466 719 680 797 episcoporum,
705 729 838 798 tanquam
856 719 885 776 in
903 719 958 778 bac
976 731 1059 799 parte
1077 741 1095 780 a

58 804 130 864 sede
149 803 313 881 apostolica
336 800 549 881 delegatorum,
568 801 737 883 providere,
756 814 788 862 ut
810 823 863 883 per
881 802 1094 883 deputationem

58 888 231 949 idoneorum
250 886 479 958 vicariorum²)',
508 897 539 944 et
557 907 702 964 congruae
726 889 869 967 portionis
887 889 1028 949 fructuum
1047 898 1130 949 ass-⁵8

58 973 255 1052 signationem
288 991 358 1030 cura
390 971 545 1029 animarum
579 971 739 1030 nullatcnus
776 974 953 1050 negligatur,
990 977 1095 1035 nemini

59 1057 158 1139 quoad
182 1058 238 1117 boc
261 1055 414 1136 privilegio
437 1073 488 1114 seu
511 1057 691 1135 exemptione
716 1076 883 1137 quacunque
907 1058 1094 1138 suffragante.

94 1199 124 1244 G.
135 1197 180 1244 111.
214 1193 348 1241 Excessus
358 1193 533 1240 sotularium
549 1192 701 1241 elericorum
715 1195 908 1256 “regularium
919 1195 1062 1257 degentium

235 1268 317 1309 extra
325 1263 487 1308 monoclerum
496 1261 529 1308 ob
539 1261 673 1309 ordinario
687 1263 740 1309 loci
747 1264 924 1324 corrigantur.

147 1346 346 1407 Ecclesiarum
368 1345 491 1424 praelati
514 1344 551 1404 ad
570 1345 773 1423 corrigendum
796 1345 974 1406 subditorum
994 1347 1097 1409 e'xces·

60 1454 109 1494 sus
127 1431 287 1512 prudenter
304 1449 339 1488 ac
358 1428 513 1508 diligenter
531 1428 690 1502 intendant,
710 1442 740 1490 et
758 1451 841 1491 nemo
859 1432 1016 1494 saecularis
1036 1435 1096 1494 cle-

60 1523 140 1580 ricus
160 1517 283 1577 cuiusvis
301 1516 475 1594 personalis,
494 1515 539 1574 vol
558 1517 700 1594 regularis
719 1528 801 1576 extra
824 1520 1026 1577 monasterium
1045 1517 1096 1580 de·

62 1623 134 1683 gens
153 1604 241 1662 etiam
259 1602 303 1660 sui
321 1599 430 1660 ordinis
451 1601 595 1679 privilegii
618 1612 771 1680 praetextu
794 1612 870 1661 tutus
894 1606 1095 1678 censeatur8),

63 1710 119 1769 quo
139 1690 240 1758 minus,
259 1686 284 1744 si
302 1683 465 1766 deliquerit,
485 1685 520 1744 ab
536 1685 685 1745 ordinario
700 1688 767 1758 loci,
788 1697 920 1766 tanquam
935 1707 1022 1768 super
1039 1689 1096 1748 boc

61 1795 79 1834 a
102 1773 174 1834 sede
202 1771 361 1850 apostolica
389 1769 538 1848 delegato,
567 1770 722 1831 seeundum
750 1773 904 1832 canonicas
932 1773 1096 1834 sanctiones

61 1860 185 1930 visitari,
203 1857 298 1938 puniri
318 1866 347 1914 et
366 1857 474 1934 corrigi
492 1857 596 1918 valeat.

62 1999 143 2046 c.1v.
179 1995 313 2044 Ecclesiae
327 2005 493 2056 quoacunque
506 1996 619 2054 episcopi
631 2000 658 2040 ct
671 1993 720 2040 alii
733 1995 845 2041 maiores
851 1994 979 2054 praelati,
996 1997 1096 2056 pentius

114 2065 281 2130 opussuers't,
292 2064 407 2125 viritem,
418 2060 691 2177 omnibupupppppp'louio
701 2061 803 2109 decreto
814 2062 919 2110 obstare
925 2068 1042 2125 posteat,

149 2217 283 2296 Capitnla
302 2213 508 2275 cathedralium
519 2215 547 2290 ⁴)
567 2225 597 2273 et
615 2215 733 2274 aliarum
752 2217 889 2274 maiorum
909 2217 1097 2277 ecclesiarum

61 2305 234 2381 illorumque
260 2321 401 2380 personae
434 2300 517 2358 nullis
554 2300 799 2378 exemptionibus,
833 2301 1097 2374 consuetudinibus,

60 2390 228 2459 sententiis,
247 2387 426 2456 iuramentis,
447 2383 626 2456 concordiis,
651 2405 723 2465 quae
748 2397 854 2445 tantum
878 2406 945 2446 suos
969 2386 1099 2466 obligent

61 2486 214 2545 auctores,
235 2493 292 2531 non
311 2474 395 2531 etiam
416 2490 615 2542 successores,
639 2472 713 2531 tueri
732 2491 763 2530 se
781 2473 907 2551 possint,
933 2492 988 2552 quo
1007 2475 1098 2532 minus

60 2583 78 2620 a
97 2562 157 2620 suis
177 2559 321 2638 episcopis
339 2568 369 2616 et
387 2557 450 2615 aliis
469 2556 623 2615 maioribus
637 2557 774 2635 praelatis
792 2576 845 2635 per
862 2576 894 2616 se
913 2559 991 2636 ipsos
1008 2559 1096 2630 solos,

60 2648 108 2706 vel
129 2645 196 2712 illis,
217 2643 317 2723 quibus
335 2642 390 2702 sibi
407 2639 565 2712 videbitur,
584 2639 741 2712 adiunctis,
761 2642 841 2701 iuxta
859 2644 1014 2702 canonicas
1032 2663 1098 2702 san-

62 2732 217 2803 ctiones⁵)
237 2730 332 2800 toties,
352 2729 464 2807 quoties
483 2746 553 2806 opus
572 2728 667 2797 luerit,
686 2728 805 2799 visitari,
826 2729 934 2805 corrigi
953 2738 984 2788 et
1002 2748 1100 2789 emen·

62 2817 126 2879 deri
145 2817 232 2875 etiam
251 2815 424 2873 auctoritate
449 2812 609 2891 apostolica
627 2814 737 2890 possint
755 2823 786 2872 et
801 2813 926 2873 valeant.

61 2956 88 3000 c.
98 2956 131 3003 V.
167 2952 292 3014 Episcopi
299 2953 326 2998 iu
336 2951 425 2998 alieno
433 2950 598 3082 dioecerippec
603 2947 771 3011 pontificalia
780 2957 930 3012 exerceant,
940 2964 987 2998 nec
996 2951 1099 3000 ordinet
1106 2965 1134 3007 ss

116 3027 118 3034 ·
505 3032 552 3064 con
568 3025 654 3067 erant.

149 3103 230 3164 Nulli
250 3105 386 3183 episcopo
407 3103 494 3162 liceat
517 3103 639 3161 cuiusvis
662 3101 806 3181 privilegii
827 3111 981 3182 praetextu
1002 3105 1098 3182 ponti-

64 3191 161 3250 ficalia
179 3191 207 3248 in
232 3191 350 3248 alterius
369 3186 499 3249 dioecesi
522 3188 715 3262 exercerel),
744 3189 798 3246 nisi
821 3185 857 3247 de
882 3185 1020 3248 ordinarii
1040 3189 1098 3248 loci

64 3295 203 3356 expressa
225 3275 356 3344 licentia,
390 3285 420 3334 et
443 3275 472 3332 in
495 3291 634 3353 personas
656 3271 750 3332 eidem
778 3271 925 3333 ordinario
953 3273 1098 3335 subiectas

64 3371 183 3420 tanturn.
222 3358 253 3419 Si
272 3379 355 3420 secus
374 3361 480 3419 factum
499 3360 595 3430 luerit,
615 3360 767 3438 episcopus
785 3359 821 3418 ab
840 3359 982 3419 exercitio
1001 3361 1098 3438 ponti·

66 3447 201 3518 licalium,
222 3447 311 3506 etsie
331 3444 455 3505 ordinati
474 3444 509 3504 ab
525 3439 711 3504 exsecutione
730 3444 860 3504 ordinum
879 3445 936 3504 sint
954 3446 1016 3525 ipso
1036 3446 1098 3506 iure
1163 3436 1167 3445 ¹

65 3551 203 3611 suspensi.

118 3747 197 3812 Sena.
206 3745 246 3791 Vl.
274 3749 296 3800 t)
307 3745 339 3792 ci.
349 3759 369 3811 q.
381 3749 412 3790 ts.
422 3747 451 3790 de
461 3760 533 3790 rerer.
544 3745 569 3790 in
577 3745 638 3790 Vlto
649 3745 668 3788 1.
678 3747 698 3788 3.
710 3743 796 3840 ςΒοιιίῖ.
806 3744 885 3799 vlu.)
904 3769 929 3781 -
963 3749 984 3797 2)
996 3758 1016 3792 c.
1026 3748 1059 3790 ³4.
1069 3748 1098 3791 de

67 3797 136 3843 elect.
147 3797 285 3844 nnVltol.ti.
296 3798 384 3852 (Bonni.
394 3798 510 3853 vtlt.)-
535 3797 710 3851 ulciscendi
726 3797 755 3840 V.
766 3798 794 3840 de
804 3797 848 3840 ref.
860 3811 880 3840 e.
890 3801 910 3841 t.
921 3811 1006 3852 seq.—
1034 3797 1098 3850 ilci.

14 3879 20 3888 .
68 3848 586 3946 {gibidb0⁰},sf⁰2''2xd‘d'd⁰“f'⁰'⁶'
605 3872 631 3882 -
665 3847 892 3918 ⁵)cl.Sesr.·XXV.
908 3847 956 3893 l.c.
975 3872 1001 3882 -
1035 3849 1098 3901 ilci.
