2654 4330
209 191 287 260 m
417 183 670 250 sfnssroxxu.
707 184 1025 268 coruscantur.
1058 181 1070 188 “

209 327 322 400 pendis.
366 325 431 388 Nec
450 327 513 387 aliis
532 328 724 410 inposterum
744 321 794 390 fiat
810 325 951 404 protisio,
971 322 1024 386 nisi
1042 328 1098 397 iis,
1114 327 1161 406 qni
1178 325 1230 387 iam

210 425 335 476 aetatem
362 425 393 474 et
415 424 529 474 ceteras
551 413 715 480 habilitates
741 417 855 494 integre
877 411 985 472 babere
1013 411 1229 491 dignoscentem

210 501 296 560 aliter
312 501 395 560 irrita
411 499 449 560 sit
465 500 601 580 provisio.
832 511 834 516 '

159 651 198 696 tet
210 641 238 689 (l.
252 639 283 688 V.
319 639 533 702 Disputationes
548 645 630 688 estro
647 641 747 688 surim
762 641 881 706 ,episcopo
900 633 1097 684 cooesuittantu‘r
1115 642 1142 682 st
1156 637 1187 684 ab
1204 650 1229 682 so

497 711 498 716 ’
625 709 818 768 compastor.
909 707 912 714 '

296 793 547 872 Dispensationes,
564 797 738 874 'quacunque
761 790 935 850 auctoritate
964 786 1183 861 concedendae,
1207 791 1230 850 si

210 890 294 940 extra
302 877 458 939 Romanam
478 879 585 946 mnium
604 873 826 938 committendae
844 883 937 946 erunt,
958 875 1171 938 committantur
1188 893 1233 933 or·

209 965 328 1026 dinariis
346 964 468 1035 illorum,
488 965 535 1042 qui
553 983 603 1027 eas
622 963 851 1044 impetraverint,
870 977 1014 1032 eaevero,
1025 977 1097 1040 qnae
1108 961 1233 1040 gratiose

209 1048 421 1120 concedentur,
440 1067 519 1108 suum
537 1067 595 1108 non
613 1049 771 1110 sortiantur
788 1045 936 1117 effectum,
955 1045 1009 1106 nisi
1027 1046 1106 1125 prius
1124 1047 1161 1105 ab
1178 1048 1234 1106 eis-

209 1135 289 1206 dem,
312 1143 444 1214 mnpuam
467 1131 608 1213 delegatis
626 1133 808 1216 apostolicis,
832 1133 983 1194 summarie
1005 1141 1114 1190 tantum
1137 1143 1169 1192 et
1185 1151 1235 1192 ex-

208 1219 431 1281 traiudieieliter
449 1231 657 1299 cognoscatur,
680 1237 832 1300 expressas
854 1235 963 1303 preces
975 1216 1172 1298 subreptionis
1189 1217 1234 1278 vel

133 1334 138 1353 u
209 1307 388 1386 obreptionis
405 1305 477 1365 vitio
496 1325 559 1364 non
572 1305 733 1367 subiacere.
996 1321 1000 1326 ’

311 1445 339 1504 θ,
356 1445 399 1494 vt
436 1443 625 1506 circumspecte
641 1443 839 1492 commutandas
853 1442 962 1492 ultimos
975 1441 1132 1492 voluntates.

295 1525 327 1584 ln
345 1529 613 1590 commutationibus
630 1527 791 1589 ultimarum
805 1527 994 1600 reluctatum,
1014 1546 1086 1606 qnae
1105 1547 1165 1587 neu
1183 1529 1235 1588 uisi
1310 1587 1311 1608 ,

208 1631 249 1674 ex
263 1612 339 1672 iusta
356 1622 387 1674 et
404 1615 569 1676 necessaria
588 1633 675 1676 cansa
693 1614 759 1674 lieri
775 1611 930 1689 debeutlt,
948 1613 1091 1693 episcopi,
1101 1623 1236 1695 tauquam

161 1726 165 1734 ·
189 1695 335 1775 ,delegati
353 1697 431 1762 sedis
450 1702 643 1779 apostolicae,
666 1699 817 1762 mmmsrie
835 1709 867 1759 et
883 1697 1145 1759 extraindicialiter
1165 1719 1236 1779 eog-

207 1791 338 1856 noscant,
357 1783 427 1844 nibil
445 1786 475 1844 in
493 1786 628 1865 precibus
645 1787 734 1848 tacita
751 1787 874 1847 veritate
891 1785 938 1848 vel
952 1794 1090 1864 suggesta
1107 1785 1234 1846 laleitate
1311 1825 1312 1828 =

206 1868 295 1929 fuisse
320 1880 478 1942 narratum,
510 1873 673 1953 priusquam
695 1873 932 1936 commutationes
958 1868 1126 1951 praedictae
1152 1889 1234 1932 exse·

207 1955 316 2016 cationi
334 1952 551 2017 demandentur.

242 2109 340 2157 c.v1t
380 2109 530 2158 Ionoootur
548 2127 605 2172 cop.
624 2111 765 2162 Romana
782 2113 813 2160 de
830 2113 1046 2173 appellationibus
1064 2115 1092 2160 irs
1110 2111 1203 2163 Sexto.

292 2191 397 2274 Legati
424 2204 455 2253 et
476 2198 573 2254 nuncii
596 2197 762 2275 apostolici,
785 2197 968 2277 patriarchae
990 2215 1026 2256 ae
1048 2197 1189 2276 primates
1206 2208 1236 2257 et
1313 2249 1314 2256 ἶ

206 2277 431 2360 metropolitani,
451 2279 480 2338 in
498 2281 737 2360 appellationibus
755 2281 792 2342 ad
811 2302 862 2342 eos
880 2281 1057 2361 interpositis
1075 2283 1105 2342 iu
1119 2283 1237 2362 quibus·

205 2363 249 2426 vis
268 2367 371 2436 causis,
391 2375 448 2424 tam
466 2365 496 2424 in
514 2363 697 2426 admittendis
715 2368 955 2448 appellationibus
977 2386 1059 2446 quam
1077 2369 1108 2428 in
1126 2388 1236 2430 conce·

50 2503 53 2512 .
154 2468 193 2510 rsa
207 2448 308 2509 dendis
334 2449 550 2510 inhibitionibus
580 2462 647 2530 post
673 2455 894 2534 appellationem
926 2472 1043 2514 servare
1079 2464 1237 2520 teneantur

205 2535 325 2595 formam
353 2544 384 2595 et
404 2546 535 2596 tenorem
558 2557 704 2598 sacrarum
728 2539 977 2612 constitutionum,
1004 2548 1035 2598 et
1059 2541 1236 2620 praesertim

204 2615 366 2680 innocentii
385 2620 490 2694 1v.2),
514 2643 586 2701 quae
605 2624 719 2704 incipit:
742 2627 892 2700 llomonop
916 2643 1086 2704 quacunque
1108 2645 1235 2687 consue·

204 2704 313 2777 tudine,
332 2707 418 2766 etiam
441 2707 678 2789 immemorabili,
697 2720 746 2770 aut
766 2710 843 2788 stylo
869 2711 915 2770 vel
937 2709 1090 2790 privilegio
1114 2712 1146 2772 iu
1164 2729 1236 2772 con·

203 2792 321 2852 trarium
340 2812 398 2852 non
422 2792 610 2856 obstantibus.
654 2795 750 2856 Aliter
768 2796 953 2858 inhibitiones
968 2807 1006 2856 et
1021 2815 1178 2875 processus
1204 2807 1237 2858 et

203 2875 270 2939 inde
289 2888 390 2939 secuta
408 2898 593 2966 quaecunque
612 2882 669 2942 siut
686 2882 748 2962 ipso
767 2883 829 2942 iure
848 2883 934 2944 nulla.

203 3031 231 3082 G.
247 3029 313 3084 vm.
340 3033 464 3097 Episcopi
477 3038 537 3097 pios
556 3039 666 3086 omnium
684 3034 864 3098 dispositiones
882 3001 1081 3099 obsequentum
1100 3049 1234 3097 quoscun-

214 3116 219 3126 ·
272 3115 322 3165 pso
335 3105 383 3164 plo
400 3106 460 3152 loco
477 3107 604 3167 visitent,
622 3106 755 3154 dummodo
773 3119 824 3154 non
842 3105 888 3154 sub
905 3101 1057 3153 immediata
1075 3116 1169 3166 regom

594 3178 758 3244 protectione
775 3178 837 3223 siut.
923 3203 926 3209 ·

288 3256 474 3337 Episcopil),
494 3259 580 3318 etiam
599 3269 731 3340 tanquam
749 3257 827 3320 sedis
845 3258 1023 3338 apostolicae
1042 3252 1183 3335 delegati,
1205 3258 1236 3314 in

204 3339 318 3401 casibus
341 3361 358 3401 a
380 3345 443 3402 iure
472 3346 618 3404 concessis
641 3347 764 3405 omnium
790 3345 900 3424 piarunt
924 3337 1143 3424 dispositionum
1173 3351 1234 3400 tam

203 3427 233 3483 in
250 3427 350 3485 ultima
366 3429 514 3489 voluntate
534 3446 625 3508 quem
634 3431 711 3490 inter
727 3431 808 3490 vivos
817 3431 875 3492 tint
884 3439 1085 3504 exsecutores,
1104 3427 1236 3488 babeant

202 3510 247 3569 ius
274 3511 407 3596 visitandi
435 3515 601 3595 hospitalia,
631 3514 756 3594 collegia
780 3531 983 3598 *quaecuuque
1007 3533 1043 3575 ae
1066 3514 1236 3575 confrater·

202 3595 308 3656 nimias
335 3597 487 3671 laicorum,
525 3601 610 3660 etiau
643 3615 712 3680 quas
739 3601 853 3662 scholas
879 3603 941 3663 slve
973 3617 1145 3683 quocunqne
1172 3600 1234 3661 elio

205 3737 417 3752 m-

254 3807 421 3856 basxxll
456 3815 477 3865 l)
488 3813 517 3858 cl.
529 3811 594 3860 Sese.
604 3810 683 3860 XXV.
693 3814 721 3860 de
731 3815 776 3860 rei.
786 3831 806 3860 c.
816 3821 871 3860 1.-
892 3819 1038 3870 meabas
1073 3813 1235 3865 ‚anltsE

203 3863 236 3906 tt.
247 3867 271 3905 et
280 3861 343 3905 inira
352 3861 368 3905 l.
380 3875 400 3905 c.
410 3885 436 3896 -
449 3869 474 3920 b)
484 3865 644 3912 ci.clern.c.b.
658 3867 687 3910 ds
696 3865 763 3921 relig.
775 3867 834 3912 dem.
844 3865 889 3913 111.
901 3875 932 3914 tt
944 3868 1021 3924 (cleu
1038 3831 1078 3922 U>
