2652 4330
72 245 77 250 ’
173 237 317 294 sessio
336 236 423 290 xllt.
446 237 502 289 DE
522 237 966 294 prosequerentur.
1023 237 1089 317 0!

61 373 191 433 dominico
215 373 357 444 evellere,
386 391 421 432 ac
445 373 567 433 emnium
591 372 715 433 fidelium
734 375 820 434 s'alnti
841 379 1008 456 prospicere
1028 398 1124 446 etr-102

62 461 137 538 piens,
156 457 331 536 quotidianis
349 459 483 537 precibus
501 458 563 518 Deo
588 461 776 538 omnipotenti
794 463 840 540 pie
860 462 977 534 oblatis,
1001 465 1077 523 inter

62 545 119 602 alios
136 543 171 602 ad
190 544 247 602 hoc
267 554 477 604 sacramentnm
498 545 676 623 pertinentes
699 546 836 605 articulos
859 545 1077 626 diligentissima

61 631 173 687 veritatis
193 629 357 688 catholicae
371 629 561 708 inquisitione
578 640 729 700 tractatos,
748 631 876 709 plurimis
893 635 1077 692 accuratissi-

60 716 151 792 misque
177 734 232 792 pre
256 733 352 773 rerum
375 716 515 792 gravitate
543 713 781 793 disputationibus
804 716 923 789 habitis,
952 720 1076 796 cognitis

61 817 156 877 quoque
173 801 484 878 praestantissimorum
508 800 708 878 theologorum
727 803 890 874 sententiis,
915 803 968 861 hos
990 804 1076 862 etiam

60 885 199 943 tractabat:
236 885 285 944 An
312 885 505 944 necessarium
521 887 570 958 ,sit
600 883 636 943 ad
663 885 801 958 salutem,
831 897 860 945 et
891 885 986 945 divino
1013 890 1076 948 iure

60 981 237 1048 pracceptum,
257 981 290 1030 ut
307 970 412 1048 singuli
423 969 529 1028 Christi
545 968 647 1028 fideles
665 970 717 1030 suh
735 981 855 1050 utraque
873 974 971 1051 specie
986 975 1077 1052 ipsum

59 1055 207 1115 venerabile
225 1065 438 1115 sacramentum
456 1055 615 1132 accipiant,
634 1065 678 1113 et:
705 1055 780 1114 Num
799 1058 889 1116 minus
907 1064 1008 1130 sumat,
1028 1061 1075 1138 qui

60 1139 99 1196 snh
115 1141 217 1212 altera,
246 1160 330 1220 qnam
350 1141 397 1219 qui
414 1139 466 1210 suh
484 1149 605 1219 utraque
625 1142 828 1214 communicat,
853 1153 896 1201 et:
928 1142 975 1202 An
994 1162 1076 1203 erra-

59 1225 119 1282 verit
135 1237 233 1285 sancta
252 1236 346 1284 mater
363 1225 503 1296 ecclesia,
532 1225 622 1284 laicos
645 1235 675 1284 et
697 1245 753 1284 non
773 1226 954 1286 celebrantes
976 1247 1074 1288 sacer·

59 1305 128 1367 dotes
145 1312 194 1369 suh
214 1313 298 1390 panis
315 1312 414 1388 specie
438 1309 576 1371 duntaxat
598 1310 848 1385 communicand03
868 1323 911 1372 et:
939 1311 985 1370 An
1007 1335 1075 1393 par·

59 1393 105 1451 vuli
124 1397 205 1454 etiam
230 1394 459 1460 communicandi
481 1397 546 1454 sint.
589 1391 648 1454 Sed
676 1397 807 1475 quoniam
835 1416 871 1456 ex
898 1397 1073 1458 nobilissima

61 1475 211 1540 Germaniae
235 1481 387 1561 provincia
405 1482 439 1552 ii,
467 1483 568 1559 quise
591 1491 785 1559 protestantes
803 1484 962 1555 nominant,
987 1503 1075 1563 snper

60 1561 94 1620 his
113 1566 175 1642 ipsis
192 1567 337 1638 articulis,
366 1575 516 1644 antequam
536 1565 720 1638 deliniantur,
740 1564 832 1626 audiri
850 1588 867 1626 a
885 1579 984 1627 sancta
1002 1589 1074 1648 syn·

31 1707 33 1716 ,
61 1645 104 1704 odo
122 1652 246 1730 cupiunt,
275 1663 307 1711 et
324 1671 386 1710 earn
406 1652 442 1710 oh
462 1671 576 1711 causam
595 1650 679 1711 fidem
699 1653 839 1731 publicam
854 1653 890 1712 ah
909 1653 958 1712 illa
972 1665 1071 1732 postn-

60 1731 149 1805 lamnt,
175 1748 205 1795 ut
223 1738 295 1817 ipsis
313 1747 374 1796 tute
393 1737 448 1795 huc
470 1739 584 1808 venire,
613 1748 642 1796 et
664 1738 693 1795 in
716 1738 770 1797 hac
793 1738 863 1798 urhe
888 1743 1069 1811 commorari,

62 1834 87 1873 ac
101 1819 182 1886 libere
206 1843 306 1883 coram
329 1820 439 1901 synodo
459 1820 558 1882 dicere
581 1833 665 1901 atque
689 1841 852 1901 proponere
876 1843 948 1902 quae
971 1844 1070 1884 sense·

61 1901 116 1972 rint,
140 1917 168 1964 et
193 1920 310 1986 postea,
330 1928 412 1986 quum
436 1908 566 1978 libuerit,
594 1906 734 1966 recedere
750 1909 858 1966 liceat:
886 1918 985 1967 sancta
1007 1912 1069 1988 ipsa

61 1988 173 2062 synodus,
194 1994 264 2054 licet
282 2013 386 2070 magno
405 1991 550 2052 desiderio
570 2011 668 2051 eorum
692 1991 842 2052 adventum
861 1994 964 2052 multos
982 2005 1069 2052 antea

61 2090 153 2134 nrenses
170 2081 360 2158 exspectarit,
389 2088 483 2137 mmen
501 2089 533 2137 ut
554 2079 602 2157 pia
624 2088 729 2148 mater,
758 2097 830 2156 quae
854 2080 1016 2156 ingemiscit
1038 2089 1070 2138 et

62 2163 175 2232 parturit,
193 2183 373 2244 summopere
397 2163 424 2222 id
445 2163 612 2224 desiderans
635 2183 670 2222 ac
689 2164 837 2235 laborans,
856 2165 933 2223 utin
952 2165 1000 2237 iis,
1020 2167 1067 2244 qni

63 2239 201 2308 Christiano
211 2252 327 2309 nomine
339 2260 501 2321 censentur,
520 2250 597 2308 nulla
606 2249 663 2308 sint
671 2250 833 2321 schismata,
852 2249 913 2321 sed,
933 2249 1071 2329 quemad-

63 2328 153 2390 modum
170 2335 291 2395 eundem
311 2353 408 2394 omnes
430 2333 520 2394 Deum
543 2346 573 2394 et
595 2333 1006 2414 Redemptorcm'agnoscunt,
1026 2337 1069 2394 ita

42 2409 120 2472 'idem
137 2415 238 2492 dicant,
259 2421 335 2481 idem
356 2419 484 2492 credant,
503 2419 579 2480 idem
597 2422 722 2499 sapiant,
743 2419 891 2480 conlidens
909 2419 964 2480 Dei
981 2423 1070 2480 mise·

63 2496 192 2576 titudine,
212 2517 243 2566 et
259 2526 380 2586 sperans
398 2507 472 2577 fore,
491 2517 523 2564 ut
540 2507 583 2565 illi
601 2507 629 2564 in
648 2507 853 2566 sanctissimam
868 2516 898 2565 et
912 2507 1066 2566 salutarem

63 2583 126 2643 unius
142 2588 218 2663 fidei,
246 2594 309 2673 spei
332 2593 518 2670 caritatisque
537 2590 722 2651 concordiam
740 2591 922 2670 redigantur,
942 2591 1071 2652 libenter

63 2666 132 2728 eisin
148 2673 199 2736 hac
217 2697 250 2737 re
274 2697 382 2736 nrorem
401 2696 519 2755 gerens,
547 2678 731 2736 securitatem
750 2688 780 2738 et
797 2677 895 2749 iidem,
923 2687 956 2736 ut
972 2679 1066 2755 petie·

64 2763 120 2824 llll,
136 2760 288 2835 publicam,
316 2783 397 2842 quam
417 2764 523 2822 salvum
544 2761 715 2822 conductum
732 2773 851 2834 vocant,
880 2757 955 2841 qnod
978 2761 1064 2822 adse

63 2840 172 2916 lertinet,
191 2849 261 2921 eins,
281 2850 329 2927 qui
346 2849 420 2906 inira
439 2851 562 2927 scriptus
581 2849 644 2920 erit,
664 2849 773 2907 tenoris
792 2847 872 2907 dedit
889 2858 975 2926 atquc
995 2867 1065 2906 con-

64 2926 143 2998 cessit,
168 2943 197 2990 et
223 2953 323 2992 eorum
351 2952 438 2993 causa
461 2933 655 2994 definitionem
679 2935 791 2992 illorum
814 2934 1000 2991 articulorum
1027 2931 1065 2991 ad

64 3011 191 3074 secundam
209 3020 366 3078 sessionem
385 3016 508 3093 distulit;
537 3021 633 3097 quam,
652 3029 683 3077 nt
701 3019 742 3075 illi
761 3016 909 3076 commode
929 3019 956 3076 ei
974 3019 1065 3076 inter·

65 3103 111 3149 esse
126 3103 241 3176 possint,
261 3106 290 3162 in
309 3103 383 3163 diem
401 3098 504 3162 festum
523 3102 726 3180 conversionis
744 3101 779 3160 Ι).
799 3102 889 3173 Pauli,
918 3121 990 3181 quae
1010 3105 1067 3163 erit

64 3167 134 3238 XXV·
159 3183 203 3246 die
225 3191 328 3249 mensis
357 3189 481 3248 lanuarii
509 3191 576 3248 anni
598 3189 758 3268 sequentis,
778 3187 889 3247 indixit.
935 3187 1064 3267 llludque

64 3273 190 3328 Praeterea
211 3277 322 3346 statuit,
350 3285 381 3334 nt
406 3276 436 3333 in
459 3273 559 3334 eadem
583 3275 710 3334 sessione
734 3274 770 3334 de
794 3271 937 3333 sacrificio
961 3274 1064 3332 missae
1112 3303 1121 3321 ·

65 3356 144 3416 alatur
162 3371 278 3437 propter
304 3380 434 3439 magnam
461 3363 606 3440 utriusque
634 3362 677 3420 rei
705 3361 928 3428 connexionem,
951 3359 1063 3416 interea
1072 3377 1113 3419 sea

64 3433 167 3496 sessione
184 3448 311 3520 proxima
329 3445 365 3506 de
383 3448 580 3525 poenitentiae
599 3457 630 3506 et
648 3457 793 3506 extremae
808 3444 951 3503 unctionis
966 3463 1064 3502 sacra·

66 3519 144 3606 uenus
164 3531 346 3590 tractandum.
383 3531 462 3590 Illam
486 3543 580 3591 autem
603 3532 649 3592 die
676 3534 751 3592 festo
779 3530 861 3589 divae
890 3528 1063 3590 Catherinae

66 3603 158 3674 virginis
175 3624 204 3670 et
219 3618 360 3696 martyris,
380 3619 427 3696 qni
446 3619 502 3676 erit
518 3617 611 3678 XXV.
622 3617 802 3689 Novembris,
822 3614 980 3675 habendam
999 3635 1063 3676 esse

67 3670 177 3842 ῗθᾞξῑνὲὶ,
195 3702 338 3784 simulque,
357 3713 389 3760 ut
406 3704 435 3762 in
454 3715 574 3783 utraque
592 3705 739 3764 materiam
763 3702 976 3762 reformationis
993 3720 1062 3780 pro·

158 3799 179 3839 r.
