2654 4330
324 197 857 300 ri'uunu-c'numnmc'uuc.
1005 235 1106 305 see
1153 269 1156 276 Δ

91 383 192 456 laudas,
210 381 247 442 ad
268 382 456 462 corrigendos
474 383 721 443 etrelormuudos
734 403 843 459 mores,
863 384 899 448 ad
912 402 1013 466 pacem
1027 387 1105 448 intur
1132 431 1141 440 -

90 465 265 532 Christianos*
279 471 423 550 principes
447 469 685 541 conservandam,
714 471 937 532 celebrationem
961 474 1022 534 eius
1046 491 1107 533 nou

89 575 143 616 csse
161 555 290 616 duximus
309 553 413 614 diutius
432 553 629 615 differendam.
671 555 776 616 ldabita
794 558 883 634 igitur
900 577 963 618 cum
981 578 1104 619 venora-
1205 591 1208 598 ,

87 641 179 706 bilibus
193 639 329 700 iratribus
342 641 448 700 uostris
461 651 578 701 sauctae
593 640 738 702 llonranae
752 645 896 704 ecclesiae
911 643 1106 709 cardinalibus

88 725 287 788 deliberatione
310 735 433 798 matura,
462 727 546 786 lactis
568 728 656 787 etiam
679 729 793 787 consilii
816 731 906 788 nostri
931 731 1106 794 certioribus

89 813 227 874 carissimis
258 813 288 870 in
320 811 434 871 Christo
467 812 535 870 flliis
564 813 669 872 nostris
700 812 881 874 Ferdiuaudo
912 811 1103 875 Romanorum

87 902 248 979 imperatore
270 900 387 970 electo,
416 907 446 956 et
472 898 536 956 aliis
562 898 679 978 regibus
706 905 791 977 atque
814 900 1003 979 principibus,
1032 917 1103 981 quos
1118 909 1157 953 ¹⁴⁴

87 985 201 1066 quidem,
237 985 313 1043 sicut
338 983 375 1044 de
402 1001 501 1042 eornm
528 1003 635 1043 summa
661 985 770 1062 pietate
798 995 828 1044 et
854 987 993 1064 sapientia
1020 987 1104 1047 nobis

85 1070 293 1150 pollicebamur,
330 1068 525 1149 paratissimos
556 1068 594 1128 ad
619 1070 707 1148 ipsius
734 1071 851 1129 concilii
879 1072 1103 1131 celebrationem

87 1155 260 1216 adiuvandam
281 1157 452 1228 invenimus,
472 1152 508 1214 ad
523 1153 577 1214 Dei
596 1156 799 1234 omnipotentis
818 1154 945 1229 laudem,
963 1157 1103 1218 honorem

87 1251 111 1299 ct
122 1243 250 1320 gloriam,
271 1253 357 1322 atque
371 1241 539 1302 universalis
552 1242 696 1301 ecelesiae
711 1243 876 1312 utilitatem,
895 1241 931 1302 de
946 1243 1103 1302 eorundem

86 1328 191 1386 fratrum
208 1339 383 1388 nostrorum
411 1328 532 1387 consilio
560 1337 589 1386 et
612 1347 728 1387 assensu
751 1345 862 1389 sacrum
887 1329 1103 1392 oecumenicum

86 1423 111 1471 ct
127 1415 258 1492 generale
278 1415 431 1474 concilium
450 1431 488 1472 ex
510 1413 682 1474 auctoritate
705 1412 834 1474 eiusdem
852 1411 920 1486 Dei,
949 1426 981 1474 et
1001 1414 1105 1474 beato-

86 1517 137 1557 rum
158 1499 235 1560 Petri
259 1510 289 1560 et
312 1500 393 1560 Pauli
415 1499 634 1578 Apostolorum,
663 1517 717 1578 qua
740 1519 792 1558 uos
820 1517 932 1578 quoque
961 1502 990 1558 in
1018 1501 1104 1560 terris

86 1585 227 1664 fungimur,
247 1586 316 1645 lreti
335 1597 366 1646 et
383 1585 510 1657 subnixi,
534 1585 562 1642 iu
581 1586 698 1644 civitate
716 1583 885 1644 Tridentina
902 1583 939 1643 ad
957 1587 1105 1644 sanctissi-

86 1689 148 1730 mum
166 1670 239 1731 diem
259 1669 493 1731 Resurrectiouis
516 1669 677 1731 dominicae
700 1673 830 1750 proxime
853 1670 976 1730 laturum
999 1669 1105 1730 indici·

87 1775 148 1828 mus,
167 1767 195 1816 et
211 1757 251 1816 ihi
274 1754 475 1817 celebrandum
495 1755 605 1816 sublata
620 1759 805 1835 suspensione
821 1774 989 1835 quacunque
1003 1758 1105 1838 statui·

86 1852 136 1900 mus
157 1853 239 1922 atque
264 1841 455 1902 deceruimus.
502 1840 647 1912 Quocirca
663 1841 846 1900 venerabiles
865 1842 970 1901 lratrcs
989 1853 1104 1900 nostros
1204 1867 1208 1872 ·

87 1927 201 1987 omuibus
219 1947 257 1988 ex
281 1928 354 1988 locis
376 1927 570 2006 patriarchas,
598 1925 854 2004 archiepiscopos,
877 1928 1046 2004 episcopos,
1074 1938 1105 1985 et

86 2009 194 2073 dilectos
209 2014 285 2074 filios
304 2015 436 2085 abbates,
456 2023 641 2092 ceterosque,
661 2012 762 2091 quihus
781 2013 809 2070 in
829 2012 955 2070 concilio
974 2011 1104 2090 generali

86 2097 175 2159 sedere
194 2111 224 2160 et
241 2101 413 2160 seutentiam
431 2098 530 2158 dicere
554 2100 617 2160 iure
641 2099 796 2167 communi,
823 2097 869 2156 vel
893 2115 930 2156 ex
951 2098 1103 2176 privilegio

85 2185 123 2242 vel
148 2204 183 2244 ex
208 2186 325 2265 antiqua
352 2182 560 2245 cousuetudine
588 2185 670 2256 licet,
705 2184 895 2243 vehementer
924 2184 953 2241 iu
981 2183 1104 2266 llomiuo

86 2279 218 2331 uomamnr
249 2282 281 2332 et
310 2291 470 2340 monemus,
507 2280 592 2349 atque
624 2271 709 2328 etiam
737 2268 869 2328 districte
897 2266 1104 2348 praecipiendo

86 2357 234 2416 mandamus
253 2359 283 2417 iu
300 2359 405 2417 virtute
424 2366 541 2416 sauctae
561 2353 758 2427 obedieutiae,
786 2356 814 2412 iu
838 2353 866 2412 vi
890 2371 1003 2432 quoque
1027 2355 1104 2412 iura·

86 2445 174 2514 menti,
193 2442 270 2522 quod
287 2445 506 2522 praestiterunt,
526 2450 556 2499 et
574 2441 624 2500 snb
643 2442 758 2520 poenis,
779 2459 848 2520 quas
866 2439 896 2498 lu
914 2457 980 2510 uos,
1000 2439 1048 2518 qui
1065 2436 1104 2496 ad

86 2529 196 2588 coucilia
219 2529 369 2608 generalia
393 2529 548 2587 convenire
577 2527 771 2604 neglexerint,
799 2526 890 2585 sacris
917 2526 1011 2584 sciunt
1039 2539 1104 2584 esse

86 2615 228 2674 canonibus
252 2617 436 2684 commitatus,
466 2621 496 2670 ut
518 2610 555 2670 ud
579 2613 731 2671 concilium
750 2611 790 2671 ihi
809 2608 1012 2672 celebrandurn
1032 2628 1104 2668 uon·

85 2700 189 2758 veniant
210 2703 285 2758 iutra
310 2719 372 2760 eam
396 2697 486 2769 diem,
514 2699 567 2756 uisi
585 2699 662 2758 lorte
680 2695 884 2775 inpedimento
903 2697 1011 2756 lucriut
1029 2695 1103 2773 tegla

86 2783 145 2842 timo
175 2784 351 2864 praepediti3
390 2782 465 2865 quod
499 2794 591 2842 tamen
619 2782 850 2862 impedimentum
877 2801 930 2860 per
957 2781 1103 2859 legitimos

84 2883 276 2944 procuratores
294 2869 406 2952 syuodo
430 2869 554 2949 probare
578 2867 732 2929 debebunt.
776 2867 926 2928 Mouomus
948 2873 1104 2945 praetem

86 2971 171 3015 omnes
190 2969 219 3016 et
237 2959 380 3037 singulos,
408 2975 527 3035 qnorum
545 2956 666 3014 interest
683 2955 860 3012 iuteresseve
878 2953 1000 3030 poterit,
1024 2961 1056 3009 ut
1073 2952 1103 3008 iu

86 3042 197 3102 coucdio
224 3043 327 3104 adesse
354 3062 391 3102 ue
418 3042 575 3119 negligant.
630 3039 800 3098 Carissimos
826 3053 896 3096 vero
929 3037 958 3095 in
986 3035 1102 3095 Christo

85 3123 149 3184 lhos
165 3139 292 3202 nostros,
320 3128 512 3189 Romanurn·
535 3126 737 3204 imperatorem
762 3124 899 3193 electura,
929 3131 1103 3200 ceterosque

84 3227 159 3288 reges
174 3225 210 3273 ct
231 3211 390 3294 principes,
419 3232 490 3292 quos
509 3205 662 3289 optandum
681 3227 751 3268 saue
770 3218 849 3268 esset
867 3207 992 3268 couchio
1012 3209 1103 3267 iuter·

86 3313 139 3356 csse
157 3317 254 3378 posse,
272 3302 421 3360 hortamur
438 3308 468 3358 et
481 3301 628 3374 rogamus,
647 3306 693 3366 ut,
712 3296 736 3353 si
750 3296 804 3374 ipsi
820 3293 944 3352 concilio
958 3293 1100 3351 iuteresse
1115 3305 1153 3347 tes

84 3397 132 3438 nou
146 3389 335 3463 potuer-lutat
347 3395 479 3445 oratores
494 3402 574 3453 suos,
594 3380 764 3460 prudentes,
785 3395 889 3458 gravas
903 3387 934 3438 st
945 3379 1009 3456 pios
1021 3377 1101 3438 riron
1181 3435 1192 3448 ‚

84 3467 169 3546 utique
191 3473 316 3545 mittant,
345 3474 391 3551 qni
414 3473 539 3550 ipsorum
563 3469 677 3526 nornine
699 3467 742 3525 illi
768 3465 914 3536 intersint,
943 3469 1100 3542 curentque

85 3546 228 3632 diligenter
243 3580 295 3638 pro
314 3579 364 3618 sna
382 3560 504 3636 pietate,
523 3564 556 3612 ut
572 3572 610 3613 en
627 3571 725 3612 eorum
744 3552 842 3630 reguis
859 3560 945 3630 ntcpuc
965 3547 1100 3634 dominiis

84 3642 194 3710 praelati
212 3647 272 3705 siue
290 3645 474 3706 recusatione
492 3660 527 3701 ac
545 3635 697 3700 moratam
713 3637 876 3697 necessario
890 3645 1021 3714 tompore
1035 3631 1099 3692 Deo

86 3725 261 3791 succensire
281 3729 402 3791 offimum
420 3747 499 3789 suum
516 3735 680 3806 praestent:
707 3722 823 3784 eosdem
842 3723 928 3781 etiami
947 3729 1100 3780 curaturos

87 3821 141 3867 0⁸⁸0
166 3815 275 3877 minime
303 3815 480 3887 dubitantes,
511 3822 543 3870 nt
568 3830 622 3891 per
647 3811 773 3888 ipsorum
800 3827 890 3886 regua
918 3817 949 3866 et
973 3804 1098 3863 dominia

87 3895 162 3956 tutum
180 3919 212 3960 ac
231 3902 350 3963 liberum
368 3903 424 3961 iter
441 3898 592 3981 praelatis,
611 3913 765 3974 eorumque
784 3893 984 3963 familiaribus,
1009 3889 1099 3948 comi-

882 3974 926 4042 7*
