2648 4336
291 269 301 282 ,
348 234 472 288 namu.
491 232 580 290 sua.
599 233 764 288 rrsrou.
1001 225 1108 294 'aar

70 396 179 438 vorum
204 395 286 456 quam
312 371 526 446 defunctorum,
554 372 700 455 preeundo
723 373 813 434 Deum
839 376 1027 454 peculiariter
1052 398 1105 458 pro

69 463 187 543 ipsis‚“
210 462 276 526 dein
295 461 430 521 continuo
450 461 578 520 subiicit:
601 480 680 534 „noa
698 471 792 520 tamon
812 460 888 540 quod
907 460 1061 522 credamus
1075 462 1106 522 in

67 549 200 608 arbitrio
223 565 286 606 esse
310 544 469 607 sacerdotis
492 547 638 625 applicare
660 547 769 606 frucms
795 546 931 608 sacrificii
959 549 1005 608 eui
1029 547 1105 622 vult;

68 636 163 692 immo
183 631 346 692 damnamus
365 632 439 692 bunc
463 651 592 691 errorem
613 631 692 692 velut
713 651 887 714 magnopere
911 631 1105 694 offendentem

66 721 140 778 iura
159 717 228 789 Dei,
247 719 294 796 qni
313 718 390 776 solus
408 716 552 779 distribuit
568 718 677 778 fruetus
695 717 831 777 sacrificii
850 717 897 776 cui
915 719 986 790 vult,
1011 729 1041 778 et
1058 739 1105 779 se-

67 802 200 864 cundum
219 822 391 873 mensuram,
416 822 487 880 quae
510 804 563 881 ipsi
585 803 722 882 plaeet:“
746 800 819 860 unde
843 812 873 861 et
895 815 1106 883 consequenter

67 887 204 947 traducit
220 888 298 947 velut
320 887 441 958 „falsam
460 889 623 966 opinionem
641 889 782 946 invectam
805 888 834 946 iu
856 888 1003 967 populum,
1028 887 1104 968 quod
1185 949 1189 956 ,

66 975 130 1046 illi,
156 975 204 1052 qui
227 973 436 1052 eleemosynam
459 972 672 1033 subministrant
694 971 838 1032 sacerdoti
857 973 908 1032 sub
927 972 1103 1046 conditione,

67 1055 152 1138 quod
171 1057 301 1118 celebret
318 1077 400 1117 unam
419 1059 540 1129 missam,
560 1057 714 1137 specialem
732 1058 853 1117 fructum
873 1077 910 1117 ex
928 1078 962 1118 ea
980 1061 1104 1140 percipi·

66 1151 157 1216 ant,“
173 1176 214 1186 -
230 1143 272 1202 sic
282 1143 438 1214 intellecta,
454 1154 485 1202 ut
494 1154 611 1223 praeter
619 1143 794 1222 peculiarem
805 1146 1105 1204 commemorationem

66 1239 101 1290 et
117 1229 280 1288 orationem
294 1228 429 1308 specialis·
442 1229 503 1307 ipsa
518 1229 625 1288 oblatio
640 1248 691 1287 seu
706 1229 860 1308 applicatio
875 1231 1020 1301 sacrificii,
1032 1249 1104 1309 quae

65 1317 102 1374 lit
123 1335 142 1374 a
164 1311 331 1385 sacerdote,
356 1333 412 1372 noa
434 1315 525 1392 magis
546 1314 652 1394 prosit,
676 1314 783 1373 ceteris
805 1312 933 1393 paribus,
957 1315 1027 1386 illis,
1051 1335 1104 1394 pro

66 1399 177 1480 quibus
195 1401 368 1480 applicatur,
387 1419 469 1479 quam
488 1399 551 1458 aliis
570 1399 740 1480 quibusque,
760 1401 841 1478 quasi
860 1399 951 1459 nullus
970 1401 1105 1480 specialis

66 1487 186 1546 fructus
204 1487 370 1563 proveniret
392 1505 429 1543 ex
451 1485 570 1564 speciali
593 1485 802 1564 applicatione,
826 1503 908 1563 quam
931 1504 983 1563 pro
1007 1483 1105 1544 deter-

65 1571 191 1630 minatis
213 1572 356 1649 personis,
385 1579 435 1628 aut
456 1590 641 1648 personarum
665 1569 811 1629 ordinibus
838 1568 999 1630 faciendam
1027 1567 1105 1629 com-

65 1652 193 1716 mendat
210 1675 243 1714 ac
262 1656 406 1736 praecipit
427 1656 553 1715 ecclesia
575 1656 723 1737 speciatim
747 1675 763 1714 a
786 1654 948 1733 pastoribus
970 1674 1023 1733 pro
1047 1656 1105 1714 suis

66 1741 192 1800 ovibus:
222 1739 298 1819 quod
320 1741 398 1799 velut
421 1760 457 1799 ex
480 1739 575 1800 divino
598 1751 755 1820 praecepto
779 1739 958 1799 descendeus
982 1759 999 1799 a
1021 1759 1105 1800 sacra

65 1822 371 1905 Tridentinasynodo
391 1823 498 1885 diserte
522 1836 566 1884 est
589 1845 767 1905 expressum,
793 1823 884 1897 (Sess.
910 1831 960 1887 23-
986 1845 1049 1904 cap.
1076 1832 1104 1888 l·
1133 1825 1135 1833 ’

68 1911 109 1970 de
131 1911 249 1971 reform.
270 1946 312 1954 -
330 1907 439 1970 bened.
462 1909 542 1969 XlV.
566 1911 680 1970 constit.
728 1912 819 1986 Quam
841 1927 956 1986 semper
978 1909 1103 1969 oblatas.

67 2001 96 2074 §-
120 2000 184 2067 2.).·
205 1997 310 2066 Falsa,
334 1998 502 2066 temeraria,
518 1998 700 2074 perniciosa,
720 1995 863 2054 ccclesiae
883 1996 1037 2066 iniuriosa,
1058 1995 1104 2052 in·

67 2085 184 2141 ducens
202 2083 232 2139 ia
252 2098 382 2139 errorem
402 2082 479 2139 alias
497 2081 662 2139 damnatum
682 2082 712 2138 s'n
733 2075 875 2158 Wt'cleffo

174 2249 221 2309 De
246 2251 479 2309 conveniente
504 2245 625 2307 ordine
648 2251 681 2307 in
705 2248 799 2308 cultu
821 2246 1003 2307 servando.

481 2369 523 2415 De
540 2369 612 2416 eacb.
630 2365 655 2430 ς.
675 2373 697 2416 b.

161 2472 268 2536 XXXI.
292 2471 455 2550 Proposltio
474 2469 576 2548 synodi
598 2473 762 2544 enuncians,
779 2471 952 2528 conveniens
971 2488 1035 2530 esse
1050 2487 1102 2548 pro
1116 2481 1156 2523 aas

70 2560 234 2618 divinorum
258 2557 418 2616 ciliciorum
442 2554 542 2616 ordine
570 2567 600 2614 et
626 2557 741 2636 antiqua
769 2552 988 2624 consuetudine,
1017 2564 1048 2612 ut
1074 2555 1104 2617 in

36 2710 39 2715 ,
69 2663 246 2722 unoquoque
266 2641 370 2720 templo
389 2661 472 2722 unum
495 2634 603 2699 tantum
625 2643 663 2699 sit
684 2642 788 2711 altare,
812 2640 922 2720 sibique
945 2639 1019 2700 adeo
1043 2640 1105 2719 pla-

71 2749 144 2788 cere
168 2745 275 2786 morem
303 2727 379 2786 illum
407 2728 576 2785 restituere:
610 2725 793 2796 Temeraria,
817 2729 1014 2804 perantiquo,
1038 2727 1103 2802 prb,

70 2816 174 2874 multt's
193 2813 300 2874 ablatae
317 2813 444 2872 saeculis
462 2813 492 2870 in
508 2812 633 2870 ecclesia
644 2812 820 2888 praesertim
836 2809 931 2868 loteba
945 2812 1062 2886 argenti
1074 2819 1108 2868 et

67 2897 203 2982 probato
220 2899 298 2957 mori
313 2899 467 2957 a'm'art'osa.

557 3067 622 3114 lata.

161 3168 281 3230 XXXll.
303 3169 371 3230 ltem
387 3172 576 3249 praescriptio
594 3179 706 3240 vetans,
726 3186 762 3226 ne
781 3165 987 3248 superaltaria
1005 3185 1104 3226 sacra·

73 3275 137 3315 rum
157 3255 339 3333 reliquiarum
358 3255 461 3314 thecae
480 3255 602 3314 lloresve
620 3251 814 3335 adponuntur:
842 3253 1028 3323 Temeraria,
1050 3254 1102 3328 pio

74 3361 112 3400 ac
125 3339 258 3419 probato
278 3342 428 3399 ecclesiae
440 3343 518 3400 mori
533 3343 686 3399 n'reiariosa.

516 3511 580 3560 rasa.
598 3507 624 3576 §.
642 3516 666 3558 a.

161 3610 295 3672 XXXlll.
324 3612 485 3692 Proposltio
504 3603 626 3692 synodi,
650 3631 704 3692 qua
727 3629 833 3691 cupere
856 3629 887 3669 se
911 3607 1050 3680 ostendit,
1074 3617 1105 3666 ut

75 3715 182 3757 causae
201 3696 380 3770 tollerentur,
399 3718 452 3778 per
469 3718 537 3777 quas
556 3717 593 3758 ex
610 3707 691 3777 parto
711 3696 827 3756 inducta
844 3705 889 3756 est
907 3693 1013 3754 oblivio
1027 3695 1105 3773 priu-

75 3783 218 3861 cipiornm
241 3779 278 3840 ad
300 3785 432 3867 liturgiae
456 3783 595 3844 ordinem.
608 3783 809 3862 spectantium,
836 3777 1001 3842 revocando
1027 3780 1104 3838 illam

76 3866 113 3927 ad
138 3869 274 3928 maiorem
297 3871 399 3930 rituum
423 3870 646 3948 simplicitatem,
675 3886 737 3928 eam
759 3868 869 3946 vulgari
891 3866 988 3945 lingua
1015 3883 1105 3944 expo·

26 3957 28 3960 ·
461 3947 466 3952 ’
600 3951 603 3955 ’
867 3949 933 4018 ao*
