2654 4334
223 251 381 308 nutus
407 252 560 307 surus
584 241 810 308 cossiart.
838 255 967 310 couc.
1033 249 1106 314 aaa·

74 398 131 458 fisa
149 405 204 465 est,
224 395 346 454 omnium
364 395 575 473 provinciarum
594 381 813 454 necessitatibus
831 413 867 454 ea
885 398 1012 469 ratione,
1033 417 1105 477 quae

73 478 261 543 commodior
278 479 361 538 nobis
378 479 439 538 visa
456 479 554 550 fuerit,
572 477 741 558 providere;
761 478 952 542 decernentes
963 481 1105 542 nihilomi-

75 588 130 627 nus
153 566 266 626 irritum
290 575 321 624 et
347 565 445 638 inane,
478 567 502 623 si
525 583 608 624 secus
631 561 783 643 superbis
805 585 823 624 a
845 585 984 648 quoquam
1009 570 1106 647 quavis
1152 589 1158 626 ·,

74 651 254 713 anctoritate
278 651 406 711 scienter
430 649 477 709 vel
500 650 670 728 ignoranter
696 651 851 730 contigerit
878 653 1023 712 attentari.
1070 652 1107 713 Ut

74 740 152 798 lraec
172 747 266 796 autem
290 733 327 795 ad
346 737 468 795 omnium
487 736 616 795 notitiam
634 736 818 815 perveniant,
842 755 914 796 neve
926 721 999 818 'buis
1017 757 1107 798 excu-

68 825 192 884 ¹satione
216 822 407 901 ignorationis
426 823 467 880 uti
485 822 591 901 possitt
614 823 742 880 volumus
761 832 790 882 et
805 821 982 896 mandamus,
1002 834 1034 884 ut
1051 824 1106 884 bae

74 911 184 969 literae
205 927 260 987 per
281 907 393 986 aliquos
416 908 513 967 curiae
537 917 653 966 nostrae
677 926 812 968 cursores
834 905 863 967 iu
886 908 1005 969 basilica
1024 907 1107 970 Vati-

73 1013 153 1055 cana
176 993 316 1072 principis
338 991 544 1072 Apostolorum
567 1002 597 1052 et
619 993 648 1051 in
671 991 797 1053 ecclesia
815 991 1004 1054 Lateranensi
1028 1005 1105 1067 tunc,

75 1100 164 1160 quum
188 1080 217 1138 in
241 1080 284 1139 eis
307 1078 442 1158 populus,
471 1088 503 1137 ut
524 1079 669 1136 missarum
693 1077 858 1139 solennibus
881 1081 1008 1152 intersit,
1038 1097 1159 1142 con-aas

74 1165 198 1245 gregori
221 1165 309 1236 solet,
338 1164 431 1243 palam
450 1173 480 1223 et
503 1164 581 1224 clara
602 1182 675 1223 voce
694 1165 868 1238 recitentur,
896 1176 935 1239 et,
958 1177 1107 1246 postquam

71 1253 223 1311 recitatae
249 1250 370 1321 luerint,
393 1247 430 1308 ad
447 1247 543 1308 valvas
561 1267 658 1309 earum
677 1249 875 1322 eeclesiarum,
895 1252 1019 1332 itemque
1039 1271 1108 1311 cau-

75 1337 220 1397 cellariae
232 1334 431 1416 apostolicae,
455 1343 486 1394 et
508 1335 536 1392 in
560 1334 626 1394 loco
645 1332 731 1394 solito
751 1334 850 1416 Campi
868 1335 972 1396 Florae
991 1335 1107 1415 affigan-

74 1435 141 1494 tur3
162 1422 273 1500 ibique,
296 1431 328 1480 ut
350 1421 408 1499 legi
427 1429 457 1480 et
475 1419 603 1479 omnibus
627 1422 811 1481 innotescere
829 1423 953 1501 possint,
979 1421 1107 1501 aliquan-

75 1511 173 1588 tisper
190 1508 400 1586 relinquantur,
424 1524 512 1586 ⁴quum
531 1515 625 1566 autem
648 1504 715 1566 inde
742 1507 959 1578 amovebuntur,
997 1509 1108 1567 relictis

76 1594 116 1653 de
136 1611 218 1652 more
237 1591 343 1672 ibidem
362 1592 501 1669 exemplis
523 1591 551 1649 in
570 1592 644 1650 alma
663 1589 741 1651 Urbe
759 1590 797 1651 ad
814 1593 1029 1671 impressionem
1049 1603 1108 1651 tra-

75 1679 200 1750 dantur,
226 1697 281 1758 quo
305 1675 483 1738 commodius
504 1695 558 1756 per
580 1675 757 1736 Christianae
779 1678 942 1756 provincias
965 1687 996 1736 et
1017 1696 1109 1756 regua
1201 1737 1203 1744 ,

77 1763 232 1842 devulgari
255 1764 374 1844 possint.
423 1761 632 1841 'l'ranssumptis
656 1781 768 1840 quoque
792 1781 903 1833 earum,
929 1783 1001 1842 quae
1025 1783 1108 1824 manu

36 1846 37 1850 ’
77 1850 202 1909 alicuius
219 1848 327 1928 publici
346 1849 450 1907 notarii
469 1847 578 1925 scripta
596 1846 808 1926 subscriptore,
827 1857 857 1907 et
874 1848 969 1926 sigillo
988 1868 1023 1908 ao
1042 1849 1109 1910 sub-

77 1937 242 2014 scriptione
270 1935 390 1994 alicuius
417 1951 560 2013 personae
592 1933 620 1991 in
650 1931 790 2010 dignitate
814 1934 1015 1994 ecclesiastica
1039 1952 1109 1993 con·

78 2023 202 2081 stitutae
231 2021 338 2079 mnnita
364 2020 485 2089 luerint,
514 2015 598 2102 fidem
626 2018 687 2077 sine
715 2017 774 2077 ulla
800 2017 978 2078 dubitatione
997 2017 1110 2091 baberi,

78 2105 248 2167 mandamus
272 2116 357 2185 atque
381 2104 571 2166 decernimus.
626 2101 704 2162 Nulli
727 2123 799 2183 ergo
829 2106 942 2166 omnino
966 2104 1109 2163 bominum

78 2194 173 2253 liceat
190 2193 264 2251 banc
287 2192 419 2270 paginam
438 2200 554 2250 nostrae
575 2189 813 2261 confirmationis,
835 2191 1016 2262 monitionis,
1035 2190 1110 2248 inbi-

78 2279 215 2348 bitionis,
234 2277 454 2347 reservationis,
473 2276 642 2348 voluntatis,
662 2274 858 2335 mandatorum
876 2287 907 2336 et
926 2275 1108 2335 decretorum

79 2364 257 2442 infringere,
284 2363 331 2422 vel
353 2363 380 2422 ei
404 2381 473 2421 ausu
491 2361 648 2420 temerario
672 2363 828 2421 conuaire.
874 2358 906 2420 si
930 2363 991 2441 quis
1014 2370 1109 2420 autem

78 2452 138 2509 hoc
158 2458 302 2508 attentare
321 2447 558 2526 praesumpserit,
586 2444 811 2524 indignationem
836 2447 1037 2527 omnipotentis
1056 2445 1110 2506 Dei

79 2555 117 2595 ac
136 2535 287 2594 beatorum
306 2533 385 2594 Petri
410 2543 441 2593 et
463 2531 544 2591 Pauli
565 2530 772 2612 Apostolorum
796 2535 858 2592 eius
880 2552 911 2592 se
937 2532 1050 2593 noverit
1067 2533 1111 2591 in·

79 2640 245 2680 cursurum.
291 2619 357 2678 Dat.
382 2619 489 2677 liomae
514 2616 588 2696 apud
607 2629 735 2676 sanctum
770 2615 883 2676 Petrum
913 2638 987 2677 auno
1012 2618 1112 2677 lucar·

78 2707 209 2766 nationis
232 2705 392 2765 dominicae
416 2701 576 2762 MDLXlV.
600 2701 667 2762 Vll.
690 2701 813 2762 Kalend.
844 2703 1006 2772 Februarii,
1034 2700 1111 2762 Pon·
1160 2740 1164 2750 ,

80 2791 210 2852 tilicatus
229 2791 320 2851 nostri
338 2810 413 2856 anno
432 2788 468 2848 V.

170 2932 236 3008 Ego
255 2928 320 2988 l’rus
340 2928 514 2987 Catholicae
532 2926 686 2986 Ecclesiae
703 2925 874 3002 Episcopus.

166 3051 236 3128 ,Ego
254 3049 288 3108 E.
310 3047 398 3108 θανά.
418 3048 550 3115 Pisanus,
571 3045 733 3124 Episcopus
755 3046 863 3104 Osticrr¹
883 3046 1029 3114 Decorus.

173 3138 240 3214 Ego
259 3135 330 3194 Eed.
353 3132 440 3192 θανά.
462 3132 589 3200 Coactus,
609 3133 772 3209 Episcopus
789 3132 929 3190 Pertusa.

171 3223 238 3299 Ego
255 3222 300 3279 lo.
324 3218 411 3278 Car-d.
432 3217 583 3286 Marones,
603 3219 766 3295 Episcopus
784 3217 939 3276 Tuscular.

168 3309 237 3385 Ego
257 3304 296 3366 A.
321 3304 409 3363 θανά.
428 3303 598 3372 Earuesias,
621 3304 761 3361 Vc‘cecaa.
780 3303 917 3380 proop.
937 3301 1008 3359 Sall.

172 3651 239 3727 Ego
259 3649 301 3706 lo.
320 3647 356 3709 B.
383 3644 553 3705 Cardinalis
570 3643 601 3702 S.
623 3644 741 3704 Vitatis.

175 3735 239 3812 Ego
257 3735 302 3793 lo.
327 3732 466 3802 Miclocl,
487 3729 577 3791 θανά.
596 3729 773 3788 Saracenas.

178 3903 242 3984 Ego
261 3907 304 3964 lo.
322 3907 358 3964 B.
380 3903 501 3973 Cs'oado,
524 3901 612 3960 θανά.
632 3902 664 3959 S.
690 3902 853 3961 Clementis.
