2652 4330
212 279 265 340 se
402 271 1052 336 snse1ovr.·unrusr1nrerr.
1113 342 1119 349 ,

298 420 367 481 Ceu.
395 417 487 482 XXV.
541 417 574 479 Si
605 422 667 500 qais
697 419 727 480 in
758 417 888 499 quolibet
916 417 993 477 loono
1021 435 1111 498 opere
1139 415 1243 478 iustum

211 507 312 566 saltem
334 506 487 586 renialiter
507 523 633 585 peceare
657 504 816 580 dixeritl),
845 514 907 575 aut,
935 499 1012 582 qnod
1033 501 1244 563 intolerabilius

212 601 266 663 est,
285 592 455 664 mortaliter,
475 602 561 670 atque
579 589 646 650 ideo
668 609 778 670 poenas
792 599 925 650 aeternas
939 589 1059 662 rnercri;
1077 598 1243 669 tantumque

176 690 202 730 sa
212 677 247 735 ob
267 674 294 734 id
308 697 370 735 non
390 673 528 748 damnari,
547 677 612 755 qnia
622 673 700 736 Dens
717 694 753 736 ea
768 693 857 756 opera
871 693 928 736 non
940 675 1061 753 imputet
1073 673 1110 734 ad
1126 673 1244 734 damna-

157 763 162 774 ‘
210 763 331 821 tionem:
368 761 518 820 anathema
536 761 582 819 sit.

295 845 364 904 Cau.
383 843 490 906 xxvi.
533 843 565 904 Si
586 847 648 924 quis
667 844 787 915 dixerit,
806 847 896 903 instes
914 863 971 902 non
990 843 1099 904 debere
1116 863 1170 923 pro
1189 844 1244 904 lm·

209 932 253 990 nis
272 930 456 1009 operibus2),
477 949 549 1009 quae
569 931 596 986 iu
620 928 682 986 Deo
702 929 809 986 luerint
826 929 913 999 lacta,
934 937 1104 1008 exspectare
1127 938 1159 987 et
1175 949 1244 1010 spe-

208 1033 275 1074 rare
293 1026 440 1074 aeternam
458 1013 677 1072 retributionem
695 1030 713 1071 a
731 1009 794 1071 Deo
811 1031 866 1091 per
888 1013 949 1072 eins
968 1012 1194 1074 misericordiam
1211 1025 1245 1075 et

209 1100 274 1159 lesu
293 1099 400 1158 Christi
419 1100 564 1169 meritum,
593 1099 617 1156 si
639 1097 713 1157 lene
732 1096 847 1176 agendo
870 1108 901 1156 et
918 1096 1013 1157 divina
1034 1097 1168 1159 mandata
1191 1119 1244 1159 cn-

208 1183 362 1244 stodiendo
380 1203 468 1264 nsque
488 1185 516 1242 in
534 1183 619 1242 finem
642 1184 945 1262 perseveraverintl)=
982 1183 1132 1243 anathema
1150 1186 1198 1244 slt.

294 1269 363 1330 Gru.
383 1267 466 1329 XXV
467 1268 503 1328 ll.
542 1266 574 1326 Si
592 1269 655 1348 quis
673 1266 793 1339 dixerit,
813 1269 918 1328 nullum
941 1285 1005 1328 esse
1028 1267 1149 1329 mortale
1171 1288 1244 1348 pec·
1320 1327 1322 1344 ,

209 1357 356 1430 cstnm4),
376 1356 430 1414 uisi
448 1351 641 1424 infidelitatis,
661 1363 711 1412 ant
729 1353 806 1412 nullo
825 1354 896 1426 nlio,
917 1355 1092 1434 quantumvis
1111 1356 1192 1432 grati
1211 1365 1244 1414 ct
1321 1407 1322 1414 ,

207 1441 327 1510 enormi,
346 1451 546 1518 praeterquam
564 1437 741 1498 infidelitatis
758 1449 880 1518 peccato
899 1440 988 1498 semel
1006 1448 1154 1518 acceptam
1173 1457 1244 1517 gra·
1321 1449 1322 1454 ’

207 1527 274 1584 tiam
293 1526 398 1583 amitti:
434 1525 585 1584 anathema
602 1525 649 1582 sit.
1320 1473 1322 1620 1

206 1697 247 1754 tia
274 1695 356 1754 simul
379 1706 409 1755 et
432 1693 516 1754 iidem
540 1712 654 1774 semper
676 1695 780 1765 amitti,
808 1693 979 1765 tantidem,
1007 1711 1079 1774 qnae
1098 1705 1239 1765 remanet,
1321 1675 1322 1744 l

161 1780 177 1832 'i
207 1799 264 1839 non
283 1799 347 1840 esse
365 1799 463 1840 veram
482 1779 576 1852 iidem,
596 1779 666 1839 licet
683 1799 740 1838 non
758 1780 796 1838 sit
811 1781 891 1853 viva3
918 1789 968 1839 ant
984 1797 1063 1850 eum,
1086 1780 1134 1859 qui
1153 1777 1239 1839 fldem

206 1868 268 1925 sine
288 1868 409 1928 caritate
428 1866 525 1940 habet,
545 1885 602 1924 uon
621 1883 685 1926 esse
703 1864 910 1925 Christianum:
947 1866 1098 1924 anathema
1116 1865 1162 1923 sit

293 1967 362 2028 Gau.
381 1967 488 2030 XXIX.
526 1965 558 2027 st
582 1967 782 2048 quisdi1erit‚
810 1987 888 2039 enm,
916 1967 963 2046 qni
981 1977 1047 2046 post
1068 1966 1238 2045 baptismum

205 2055 300 2134 lapsus
319 2056 411 2130 esti),
430 2073 488 2113 non
506 2073 592 2134 posse
611 2073 664 2133 per
682 2053 736 2113 Dei
755 2055 877 2131 gratiam
895 2069 1064 2130 resurgere3
1084 2062 1133 2111 aut
1150 2071 1238 2130 posse

205 2139 333 2218 quidem,
360 2136 412 2199 sed
435 2140 497 2198 sola
521 2137 577 2198 lide
601 2141 731 2198 amissam
754 2140 890 2197 iustitiam
912 2156 1086 2218 recuperare
1109 2139 1171 2196 sine
1190 2156 1239 2196 sa·

205 2235 352 2285 eramento
379 2226 591 2305 poenitentiae,
616 2235 704 2304 prout
729 2231 830 2283 saneta
855 2221 983 2283 Romana
1010 2234 1041 2283 et
1067 2225 1238 2284 universalis
1320 2209 1321 2222 ¹

204 2310 339 2382 eeclesia,
359 2330 377 2368 a
395 2308 510 2369 Christo
529 2307 651 2369 Domino
671 2319 701 2368 ct
718 2305 936 2394 eiusApostolis
955 2308 1070 2382 edocta,
1088 2309 1237 2390 hucusque

203 2396 334 2474 professa
352 2405 405 2467 est,
425 2393 550 2455 servavit
567 2403 598 2454 et
614 2391 726 2454 docuit:
763 2395 913 2455 anathema
931 2395 976 2454 sit
1319 2403 1320 2408 ’

289 2496 359 2555 Gru.
379 2495 470 2556 XXX.
505 2494 537 2554 Si
556 2497 617 2576 quis
634 2508 701 2576 post
718 2507 867 2577 acceptam
885 2497 1094 2558 iustificationis
1112 2500 1237 2577 gratiam

169 2580 323 2641 ucuilihet
340 2582 490 2660 peccatori
507 2583 667 2661 poenitenti
685 2584 724 2642 ita
743 2585 855 2663 eulpam
872 2583 988 2655 remitti,
1009 2593 1039 2644 et
1056 2593 1167 2643 reatum
1186 2604 1237 2644 ae·
1318 2653 1319 2660 ἵ

178 2675 182 2735 t
203 2677 303 2726 ternae
322 2685 434 2745 poenae
453 2666 545 2726 deleri
564 2666 682 2740 dixerit,
711 2679 742 2727 ut
757 2668 852 2743 pullus
873 2679 1022 2750 remancat
1043 2679 1140 2729 reatus
1163 2690 1237 2748 poe-

177 2754 258 2810 ‘nae
282 2751 447 2830 temporalis
471 2752 700 2827 exsolvendael)
728 2755 774 2813 vel
794 2756 822 2812 in
844 2755 901 2814 hoe
919 2745 1171 2828 saeeulosv‘el‘i'n
1190 2756 1236 2814 lu·

125 2853 128 2859 ·
203 2846 269 2895 turo
288 2837 317 2895 in
335 2839 553 2916 purgatoriol),
572 2850 722 2920 antequam
740 2837 777 2897 ad
796 2857 886 2917 regna
905 2839 1051 2899 coelorum
1070 2838 1164 2900 aditus
1182 2861 1235 2920 pa·
1317 2847 1318 2910 s

201 2932 264 2982 tere
282 2924 387 3001 possit:
420 2923 570 2984 anathema
587 2925 633 2983 sit.

288 3007 357 3068 Cen.
375 3005 483 3070 XXXI.
521 3008 553 3068 Si
571 3011 633 3090 quis
651 3008 770 3082 dixerit,
799 3011 980 3070 iustificatum
998 3029 1139 3090 peceare,
1168 3009 1234 3070 dum

201 3093 304 3152 intuitu
323 3103 459 3155 aeternae
478 3095 622 3155 mercedis
639 3095 714 3155 bene
734 3097 922 3174 operatur⁸):
942 3096 1094 3157 anathema
1112 3097 1158 3156 sit.

288 3195 357 3255 Ceu.
376 3195 496 3258 XXXII.
543 3195 574 3256 Si
598 3199 659 3278 quis
685 3196 809 3270 dixerit,
836 3199 957 3260 hominis
983 3199 1131 3260 iustificati
1157 3201 1234 3262 bona

202 3299 291 3360 opera
309 3284 350 3340 ita
368 3302 432 3342 esse
451 3280 527 3341 dona
545 3281 609 3354 Dei,
628 3294 733 3344 utnon
753 3285 809 3343 sint
831 3287 919 3354 etiam
941 3286 1017 3345 bona
1040 3286 1129 3366 ipsius
1151 3287 1234 3346 iusti·
1315 3347 1316 3352 ,

200 3367 278 3426 licati
297 3370 413 3440 merita;
450 3377 500 3426 aut
520 3369 611 3446 ipsum
629 3370 810 3430 iustificatum
832 3370 916 3430 bonis
935 3371 1084 3451 operibns,
1104 3391 1176 3452 quac
1196 3373 1232 3432 ab

200 3471 236 3509 eo
264 3471 317 3530 per
343 3453 397 3512 Dei
423 3453 544 3531 gratiam
571 3464 601 3512 et
626 3453 692 3514 lesu
719 3455 823 3515 Christi
850 3458 998 3529 meritum,
1032 3459 1112 3518 cuius
1138 3459 1233 3517 vivum

200 3537 355 3596 membrum
374 3549 427 3610 est,
447 3538 529 3609 liunt,
549 3558 606 3597 non
624 3558 694 3601 vere
711 3542 817 3601 mereri
839 3553 1018 3622 augmentum
1038 3544 1165 3622 gratiae,
1190 3543 1234 3602 vi·

201 3632 258 3680 tam
277 3632 423 3682 aeternam
442 3634 473 3682 et
489 3623 577 3704 ipsius
594 3625 670 3686 vitae
689 3637 839 3700 aeternae,
858 3631 883 3689 si
901 3640 995 3688 tamen
1018 3630 1048 3688 in
1066 3629 1161 3707 gratia
1179 3625 1231 3689 de·

198 3887 213 3929 ⁴
246 3835 380 3930 fSeruvl.
409 3838 695 3908 l)cl.ib.e.ll.ortr.-
720 3844 938 3901 alet.it.c.re.-
958 3844 1229 3943 anth'xxms‘
1313 3847 1314 3850 ’

199 3888 947 4005 leserretur..turtum,triste
984 3897 1230 3956 liwir*
