2648 4336
217 258 295 322 ane
531 202 946 334 neuusrmrrsroa

219 414 272 475 que
291 392 374 466 illul,
394 392 468 473 quod
488 392 601 463 dicitur,
621 391 752 472 publicae
771 392 939 462 honestatis,
959 410 1076 470 quorum
1097 393 1181 469 origo
1201 413 1251 452 re·
1307 391 1308 402 ’

218 483 329 561 peritur
347 482 375 537 in
395 480 569 539 collectione
589 477 773 544 Iustiniani,“
792 487 863 549 tum,
882 487 913 534 ut
930 479 1109 554 „restringat
1126 477 1251 556 impedi·

219 577 341 626 mentum
360 565 506 624 affinitatis
525 574 554 622 et
572 563 753 640 cognationis
772 581 809 621 ex
827 581 993 641 quacunque
1017 561 1097 622 licita
1119 573 1170 621 aut
1191 564 1249 622 illi-

220 654 277 714 cita
295 652 495 711 coniunctione
514 648 707 728 provenientis
725 645 761 706 ad
780 657 907 726 quartum
930 644 1048 724 madum
1071 648 1151 706 iuxta
1172 649 1247 707 eivi-

218 739 273 799 lem
294 736 533 816 computationem
551 752 604 812 per
622 733 724 792 lineam
743 732 890 791 lateralem
908 743 938 791 et
961 732 1118 811 obliquam,
1143 732 1182 791 ila
1205 745 1247 792 ta-
1308 749 1309 778 ι

219 841 298 893 men,
317 833 349 880 ut
366 840 431 900 spes
449 820 525 878 nulla
543 819 721 899 relinquetur
739 816 959 897 dispensationis
977 817 1189 889 obtinendae,“
1206 853 1248 863 -
1308 849 1309 866 ι

221 920 358 989 quatenns
377 904 453 965 civili
472 904 608 984 potestati
627 903 670 962 ius
688 902 819 962 attribuit
832 905 891 962 sive
905 901 1040 963 abolendi
1054 905 1114 962 sive
1129 905 1250 962 restrin-

221 992 309 1074 gendi
326 989 530 1070 impedimenta
550 989 695 1050 ecclesiae
720 990 892 1048 auctoritate
916 990 1071 1048 constituta
1094 989 1140 1048 vel
1166 1009 1245 1048 com-

220 1079 356 1158 probata,
380 1078 447 1134 item
471 1092 527 1154 qua
549 1083 631 1153 parte
655 1076 790 1152 supponit
816 1074 968 1133 ecclesiam
996 1093 1048 1153 per
1075 1084 1250 1152 potestatem

222 1165 332 1224 civilem
351 1161 468 1239 spoliari
487 1178 571 1239 posse
590 1161 652 1219 inre
671 1178 721 1218 suo
741 1157 922 1237 dispensandi
941 1179 1027 1238 super
1040 1158 1251 1238 impedimentis

221 1248 256 1306 ab
280 1249 341 1326 ipsa
364 1245 526 1306 constitutis
547 1245 594 1304 vel
618 1245 824 1323 comprobatis:
851 1244 1012 1306 libertatis
1034 1264 1071 1304 ac
1090 1246 1250 1323 potestates
1309 1295 1310 1324 ,

140 1361 147 1368 ι
222 1334 364 1392 eeclesiae
382 1331 559 1400 subuersum,
585 1329 757 1389 Tridentum
777 1333 940 1399 contraria,
961 1349 999 1388 em
1012 1330 1190 1391 haereticali
1203 1351 1250 1389 su·

218 1437 276 1496 pru
297 1419 435 1476 damnato
450 1415 603 1493 priucips'o
619 1411 770 1491 prosectu.

170 1537 269 1606 ,51De
293 1536 442 1606 ciliciis,
467 1513 804 1604 exercitationibus,
828 1535 1113 1594 institutionibus
1134 1534 1176 1594 ad
1198 1553 1247 1593 re-

223 1624 385 1700 ligiosum
409 1620 536 1680 cultum
559 1618 832 1698 pertinentibus.
877 1619 918 1678 Iit
940 1621 1080 1700 primum
1103 1619 1144 1680 de
1172 1617 1248 1678 ado·

483 1703 591 1763 ranila
613 1705 828 1764 humanitate
852 1703 993 1765 Christi.

635 1821 747 1884 Dsfide
765 1819 790 1889 §.
809 1827 834 1874 3.

309 1909 384 1979 LXI.
408 1910 586 1988 Propositio,
611 1929 683 1988 quae
702 1909 820 1968 asserit:
844 1908 998 1980 „Adorare
1017 1909 1130 1971 ‹IIreete
1154 1909 1249 1968 huma·
1310 1967 1311 1974 ,

225 2000 341 2058 nitatem
361 1996 477 2066 Christi,
497 1997 587 2071 magis
604 2015 673 2055 vero
693 1995 815 2074 aliquam
834 1996 895 2054 eins
912 2007 1037 2074 partem,
1057 1997 1249 2073 iore'semper

225 2083 363 2141 honorem
383 2079 505 2140 divinum
524 2079 618 2139 clatum
638 2087 822 2151 creaturae,“
839 2115 883 2126 —
901 2092 1037 2160 quatenns
1051 2100 1105 2161 per
1118 2082 1175 2141 hoe
1189 2099 1249 2139 ver·
1310 2117 1311 2124 ι

225 2168 289 2226 bum
314 2165 467 2240 ‚,ulirecte“
490 2164 620 2226 intendat
641 2165 799 2245 reprobare
822 2164 1000 2226 adorationis
1022 2168 1142 2238 cultum,
1172 2185 1251 2244 quem

226 2250 326 2311 fideles
349 2249 475 2330 dirigunt
497 2249 533 2310 ad
556 2251 759 2311 humanitatem
783 2251 901 2323 Christi,
929 2250 1049 2331 perinde
1074 2272 1108 2312 ac
1136 2253 1162 2310 si
1191 2252 1250 2310 talis
1311 2311 1312 2322 ,

226 2337 368 2408 adoratio,
388 2357 442 2415 qna
461 2337 619 2395 humanitas
637 2339 753 2416 ipsaque
773 2355 841 2396 caro
859 2337 972 2396 vivifiea
991 2338 1097 2397 Christi
1116 2336 1251 2397 adoratur
1311 2365 1312 2372 ι

226 2443 282 2481 non
302 2420 414 2500 quidem
433 2432 552 2500 propter
570 2441 600 2480 se
620 2431 650 2480 et
668 2431 799 2500 tauquam
819 2421 893 2481 nuda
911 2441 991 2494 caro,
1011 2422 1062 2483 sed
1077 2432 1163 2503 prout
1177 2423 1252 2482 unita

227 2506 382 2576 diuinitati,
410 2507 488 2564 foret
509 2506 603 2564 honor
626 2505 736 2565 (livinus
759 2508 918 2584 impertitus
946 2519 1112 2581 creaturae,
1141 2517 1173 2567 et
1198 2527 1251 2565 non

225 2593 321 2672 potius
340 2609 395 2649 una
418 2587 574 2668 &demque
597 2589 746 2666 adoratio,
768 2609 823 2670 que
839 2591 965 2652 Verbum
988 2595 1167 2653 incarnatum
1192 2613 1252 2652 cnm

139 2701 146 2716 ¹
226 2678 343 2756 propria
361 2677 448 2754 ipsius
471 2693 558 2734 carne
582 2673 718 2734 adoretur
757 2676 806 2756 (ex
829 2680 933 2738 concil.
959 2679 1014 2737 CP.
1036 2678 1073 2738 V.
1098 2697 1165 2758 gen.
1191 2697 1250 2736 can.

226 2767 255 2826 9.
258 2772 289 2837 ):
309 2762 408 2833 Falso,
429 2763 574 2840 captiosa,
590 2764 644 2840 pio
665 2781 700 2820 ue
718 2763 816 2822 debito
835 2765 931 2823 culmi
945 2765 1126 2824 humanitati
1144 2763 1254 2824 Christi

227 2847 400 2926 ofidelihus
414 2849 560 2925 praestito
580 2865 616 2906 cc
630 2849 813 2925 praestando
833 2849 991 2910 detrahens
1009 2859 1039 2910 et
1058 2849 1217 2909 im'uriosa.

626 2966 667 3013 De
685 2975 754 3017 orat.
774 2965 799 3033 §
816 2971 856 3016 l'l.

312 3071 403 3131 LXII.
423 3069 572 3138 Doctrina,
593 3089 664 3148 quae
680 3069 859 3130 devotionem
874 3090 944 3148 erga
962 3072 1185 3131 sacratissimum
1204 3087 1252 3128 cor

228 3157 292 3217 Iesu
307 3158 404 3216 reiicit
417 3160 493 3215 inter
507 3152 686 3227 devotiones,
706 3175 774 3234 quas
793 3166 874 3216 notat
891 3157 969 3217 velut
987 3176 1086 3228 novas,
1105 3173 1250 3220 erroneas,

227 3252 277 3301 ant
295 3239 396 3302 saltem
411 3241 599 3322 periculosas,
618 3275 660 3284 -
678 3242 824 3300 intellecta
843 3239 878 3300 le
897 3242 951 3301 hac
970 3240 1141 3312 devotione,
1166 3239 1251 3320 qualis

116 3387 121 3390 .
227 3338 272 3388 est
290 3325 325 3386 ah
344 3327 504 3407 apostolica
522 3323 592 3386 sede
609 3326 744 3404 probata:
763 3327 863 3397 Falsa,
883 3330 1052 3398 temerarie,
1066 3329 1250 3406 perm'ca'osn,

224 3415 343 3491 piarum
361 3415 474 3472 curtium
495 3407 652 3491 offensam,
672 3414 703 3470 ιἰι
722 3413 913 3490 apostolicam
931 3413 1027 3472 sedem
1046 3413 1202 3472 abiuriosc.
1249 3487 1255 3495 ι

492 3529 533 3578 De
550 3537 620 3578 orat.
637 3524 664 3594 §.
674 3532 716 3580 1⁰.
735 3530 772 3578 Et
783 3529 896 3594 Append.
909 3547 934 3580 ιι.
945 3533 987 3580 82.

315 3632 419 3692 LXIII.
445 3632 515 3692 Item
534 3633 562 3691 in
581 3651 631 3704 eo,
656 3631 731 3712 quod
750 3634 876 3695 cultores
895 3632 990 3695 cordis
1008 3631 1074 3694 Iesn
1092 3633 1149 3693 hoc
1169 3634 1250 3693 etiam

230 3719 343 3774 nomine
375 3719 479 3794 arguit,
512 3715 587 3796 quoi
619 3738 675 3776 non
709 3717 873 3792 advertant,
905 3721 1110 3780 sanctissimam
1139 3735 1251 3778 carnem

231 3800 350 3870 Christi,
379 3811 426 3858 aut
454 3803 515 3860 cius
542 3812 652 3880 partem
689 3804 825 3882 aliquam,
858 3817 907 3864 aut
938 3807 1023 3866 etiam
1050 3805 1251 3864 humanitatem

183 3893 319 3942 asatotam
343 3903 405 3942 cum
428 3887 609 3964 separatione
636 3898 686 3946 aut
712 3891 892 3966 praecisione
916 3911 936 3964 ‚a
964 3890 1110 3949 divinitate
1138 3885 1251 3948 adorari
