2652 4330
336 329 479 385 SESSlO
499 327 550 383 tv.
575 327 630 381 llll.
650 326 739 382 CAN.
758 327 918 383 SCRIPT.
1068 321 1137 381 ’Ιὸ

100 485 167 526 cum
186 475 219 526 et
238 465 431 543 apostolicum
451 464 614 524 ecclesium.
663 459 813 538 Confiteor
835 482 921 522 ertum
941 463 1087 541 doptcbma
1105 465 1139 523 tlt

100 552 519 628 remesse‘onempeecctorum,
539 557 570 607 et
583 557 722 626 exspecto
742 550 988 608 resurrectionem
1007 557 1138 608 mortuo·

99 655 166 696 rum
185 645 217 695 st
233 637 322 694 vitem
342 637 461 695 centeri
474 635 597 693 sacculi.
642 637 749 694 Amen.

415 771 542 820 ¹Indictio
559 771 663 818 suturae
682 771 813 818 sessionis.

189 853 300 915 Eadem
327 867 514 916 sacrosancta
537 856 725 916 oecumenica
747 865 777 914 ct
799 854 945 933 generalis
967 851 1136 914 Tridentina

98 939 245 1020 synodus,
272 942 301 1000 in
321 939 430 1020 Spiritu
448 951 549 1000 sancto
569 941 696 1019 legitime
716 951 904 1019 congregata,
923 939 952 996 in
971 956 1008 998 ea
1024 939 1136 1016 praesi-

98 1025 236 1086 dentibus
263 1025 371 1085 eisdem
399 1026 489 1086 tribus
516 1027 694 1106 apostolicae
721 1023 798 1086 sedis
825 1026 943 1103 legatis,
971 1023 1136 1101 intelligens

98 1112 206 1170 multos
232 1111 378 1190 praelatos
405 1131 443 1171 ex
468 1111 590 1171 diversis
615 1111 745 1191 partibus
768 1111 917 1170 accinctos
940 1126 1004 1168 esse
1028 1109 1135 1181 itineri,

100 1196 256 1256 nonnullos
284 1198 370 1256 etiam
397 1199 426 1256 iu
451 1198 498 1257 via
525 1216 603 1268 esse,
631 1215 687 1276 quo
710 1197 765 1256 buc
788 1197 919 1268 veniant3
948 1194 1136 1274 cogitansque

99 1282 198 1340 omnia
213 1281 248 1340 ab
263 1281 325 1361 ipsa
340 1301 422 1342 sacra
437 1280 548 1361 synodo
564 1279 748 1342 decernenda
761 1300 799 1342 co
814 1281 931 1340 maioris
945 1275 1022 1358 apud
1036 1297 1136 1338 omnes

98 1369 321 1426 existimationis
349 1378 380 1426 et
407 1368 525 1427 bonoris
557 1365 649 1428 videri
678 1385 779 1447 posse,
817 1386 872 1445 qno
899 1363 1002 1426 maiori
1028 1364 1138 1425 fuerint

98 1462 132 1512 et
153 1453 280 1531 pleniori
299 1451 414 1512 Patrum
438 1453 560 1512 consilio
584 1462 614 1512 et
630 1452 796 1532 praesentia
814 1453 926 1512 sancita
944 1459 974 1509 et
993 1450 1135 1509 corrobo-

98 1547 180 1596 rata:
208 1538 308 1597 statuit
330 1549 360 1597 et
383 1535 526 1610 decrevit,
553 1539 677 1597 futuram
695 1540 851 1599 sessionem
870 1547 936 1616 post
953 1545 1134 1614 praesentem

98 1621 305 1681 celebrandam
324 1641 388 1682 esse
406 1622 454 1682 die
469 1623 554 1695 loris,
574 1642 647 1703 quae
665 1617 855 1704 subsequetur
873 1621 1045 1681 dominicam
1058 1623 1135 1680 Lae·

99 1718 169 1766 tore
191 1709 322 1786 proxime
341 1710 479 1782 futuram3
507 1710 622 1768 iuterim
644 1719 820 1770 tamennon
844 1706 955 1766 differri
979 1702 1135 1766 discussio·

97 1811 166 1851 nem
190 1803 221 1852 et
242 1795 482 1852 examinationem
506 1811 619 1866 eorum,
647 1812 719 1873 quae
742 1796 797 1875 ipsi
818 1792 930 1873 synodo
954 1788 1135 1850 discutienda

97 1887 130 1936 et
148 1876 338 1937 examinanda
354 1877 535 1938 videbuntur.

393 2109 576 2193 sessio
616 2140 845 2206 osenna,

503 2239 732 2287 ὓΕΙιΕΒΒΛΤᾸ

278 2333 344 2378 DIE
361 2333 443 2379 vlu.
461 2333 602 2380 MENSIS
620 2334 774 2383 Arttttts
791 2331 949 2380 mnxtvl.

166 2463 407 2511 »nnmerum
439 2466 493 2511 DE
519 2465 759 2514 catomum
786 2463 1060 2512 SCRIPTUM&

185 2557 381 2622 Sacrosancta
414 2564 603 2623 oecumenica
630 2571 660 2624 et
691 2563 838 2643 generalis
864 2561 1033 2623 Tridentina
1063 2583 1132 2643 syn·

98 2643 184 2716 odns,
204 2647 233 2708 in
253 2645 361 2726 Spiritu
379 2659 480 2708 sancto
499 2649 627 2727 legitime
646 2660 836 2730 congregata,
855 2646 1084 2728 praesidentibus
1103 2650 1131 2707 in

98 2749 134 2788 ea
156 2728 265 2790 eisdem
289 2732 380 2792 tribus
403 2734 582 2813 apostolieae
601 2733 678 2796 sedis
696 2736 814 2815 legatis,
844 2733 900 2793 boc
918 2731 972 2792 sibi
990 2744 1131 2814 perpetuo
1229 2745 1232 2762 '

97 2825 165 2875 aste
184 2818 285 2876 oculos
302 2836 476 2898 proponens,
494 2830 527 2904 nt
544 2820 663 2880 sublatis
680 2821 828 2882 erroribus
846 2820 955 2899 puritas
969 2821 1031 2899 ipsa
1045 2839 1133 2881 evan·

98 2901 168 2978 gelii
186 2903 217 2960 in
235 2903 362 2963 ecclesia
380 2916 582 2979 conservetur,
610 2905 686 2986 quod
708 2909 877 2986 promissum
899 2914 966 2964 ante
989 2923 1044 2984 per
1060 2904 1167 2964 Pro-ee

97 2986 200 3063 pbetas
222 2988 252 3045 in
274 2991 425 3069 scripturis
448 2991 555 3050 sanctis
569 2994 597 3064 ¹)
617 2991 755 3051 Dominus
777 2997 877 3050 noster
898 2987 978 3048 lesus
1001 2990 1132 3048 Christus

97 3069 152 3130 Ilei
171 3071 259 3132 Filius
282 3077 402 3154 proprio
426 3093 478 3134 ore
501 3077 620 3154 primum
638 3075 843 3156 promulgavit,
872 3070 976 3133 deinde
993 3093 1048 3153 per
1065 3092 1132 3134 suos

98 3154 259 3236 Apostolos
282 3169 415 3240 tanquam
438 3161 548 3221 iontem
567 3162 658 3221 omnis
677 3171 708 3221 et
725 3163 858 3224 salutaris
874 3160 1005 3221 veritatis
1023 3169 1054 3221 et
1070 3181 1132 3220 mo·

96 3261 159 3300 rum
186 3240 356 3322 disciplinae
385 3247 460 3306 omni
489 3255 640 3307 creaturae
668 3247 832 3328 praedicari
854 3248 936 3306 iussit
948 3247 993 3322 2);
1020 3249 1132 3327 perspi-

97 3327 234 3407 cIensque
266 3329 342 3390 banc
372 3334 524 3393 veritatem
552 3344 583 3393 et
608 3332 786 3414 disciplinam
819 3333 962 3396 contineri
994 3334 1031 3410 in·
1045 3331 1131 3409 'libr-is
1146 3349 1158 3414 ’,ι
1195 3356 1217 3406 a

98 3414 216 3494 SSIQ'E
241 3425 271 3475 et
289 3417 487 3506 Qiptc
511 3418 726 3502 traditionibus,
754 3441 827 3501 quae
845 3421 933 3502 ipsius
952 3418 1060 3478 Christi
1079 3437 1131 3480 ore

97 3497 134 3556 ab
143 3498 295 3578 Apostolis
315 3493 535 3584 acceptassent
550 3499 586 3566 ab
604 3494 833 3587 ipsisdptcstolis
845 3509 886 3584 ³),
906 3504 1015 3587 Spiritu
1029 3515 1130 3566 sancto
1146 3529 1150 3548 ·

97 3581 239 3658 dictante,
258 3589 340 3666 quasi
355 3608 527 3682 ΜΨ
545 3590 669 3658 traditae
689 3591 726 3652 ad
744 3613 797 3654 nos
815 3611 904 3676 usque
921 3600 1147 3672 perveneruntp

97 3667 326 3733 orthodoxorum
345 3672 460 3735 Patrem
480 3669 611 3758 exempla
628 3689 742 3752 secuta,
771 3699 869 3742 omnes
892 3679 982 3740 libros
1005 3689 1062 3737 tam
1080 3695 1131 3738 ve·

97 3755 168 3815 teris
188 3776 272 3836 quam
290 3760 357 3819 novi
375 3764 553 3836 testamenti,
573 3783 656 3845 quum
675 3765 820 3848 utriusque
838 3787 910 3828 unns
928 3765 1006 3825 Deus
1023 3763 1062 3822 sit
1079 3781 1130 3824 au·

149 3937 230 3984 sess.
244 3939 286 3988 tv.
306 3945 328 3998 t)
339 3944 423 3988 lesem.
433 3943 528 3990 XXXI.
538 3949 571 3989 π.
581 3969 607 3980 -
615 3947 639 4001 2)
648 3945 732 3991 restet.
741 3946 812 3993 XXV
817 3947 863 3994 111.
874 3951 906 3993 tt.
916 3958 966 4001 seq.
976 3945 1050 3988 mare.
1060 3937 1131 3985 ΧΠ·

99 3991 131 4034 1⁵.
141 4013 167 4025 -
175 3993 199 4043 8)
207 3993 222 4034 2
230 3991 317 4038 Thess.
328 3993 360 4038 11.
371 3999 403 4040 ld.
816 4045 819 4055 Ι
