2654 4330
1161 143 1170 174 i

209 281 292 339 non
378 233 520 336 sns'sro
535 273 611 330 xrx.
628 272 683 328 nn
700 272 940 329 ,rnononen
958 245 1072 327 snss'

210 422 239 479 in
257 419 312 479 bac
331 430 412 498 parte
431 438 483 500 pro
502 419 557 478 bac
574 419 638 478 vice
657 417 789 495 derogat
835 413 917 488 Quod
935 415 960 474 si
978 405 1078 476 saneta
1100 414 1236 497 synodus,

120 525 123 534 ¹
208 516 260 564 eut
277 504 377 584 aliquia
396 523 433 564 ex
450 523 486 564 ea
503 504 549 564 vol
567 504 639 574 sois,
667 504 859 581 cuiuscunque
882 499 1056 562 conditionis
1078 503 1124 562 vel
1148 514 1237 564 status

209 600 259 650 aut
279 590 524 669 praeeminentiae
549 591 706 660 exsistens,
734 588 930 668 praescriptae
957 587 1183 648 assecurationis
1209 599 1239 648 et
1315 599 1316 668 g

209 677 281 736 salvi
308 674 467 736 conductus
489 676 608 734 formem
631 685 662 734 ct
683 671 796 733 modum
818 674 848 732 in
870 691 1039 752 quocunqne
1061 683 1170 752 puncto
1193 677 1239 734 vel

209 763 336 822 clausula
353 761 518 831 violaverit,
539 758 614 840 quod
633 769 728 818 teureu
746 767 877 818 evertere
892 756 1026 836 dignetur
1040 757 1237 839 Omnipotens,
1315 755 1316 760 ’

208 857 239 905 et
256 845 397 906 sufficiens
417 844 537 904 enneade
555 863 612 904 non
630 845 718 904 inerit
735 863 802 902 mox
819 843 984 916 subsecuta,
1012 845 1138 924 ipsorum
1161 844 1239 904 erbi-

209 933 264 990 trio
283 933 386 990 merito
405 928 590 1009 approbanda
608 941 639 988 et
656 927 811 1000 leudaudo,
839 929 964 988 babeant
985 931 1074 1010 ipsein
1098 929 1238 1010 synodum

208 1027 239 1076 ct
256 1016 364 1090 bebere
382 1025 519 1095 poterunt
537 1012 672 1074 incidisse
691 1015 720 1072 iu
743 1033 841 1073 omues
863 1033 986 1093 poenas,
1016 1033 1085 1095 quas
1107 1018 1172 1076 iure
1195 1015 1239 1075 di·

207 1103 273 1161 rino
297 1111 328 1160 et
348 1101 471 1160 berrano
494 1111 544 1159 eut
566 1097 771 1159 consuetudine
790 1098 949 1159 bniusmodi
967 1100 1109 1160 salvorum
1129 1101 1239 1162 condu·
1316 1143 1317 1180 ,

208 1197 303 1245 ctuum
322 1187 479 1246 violatores
497 1187 646 1245 incurrere
665 1195 797 1264 possunt,
825 1185 931 1265 absque
951 1185 1027 1244 omni
1050 1188 1239 1247 excusatione
1316 1191 1317 1210 ¹

156 1317 161 1324 .
207 1283 257 1331 eut
275 1273 373 1351 quarm
391 1273 420 1330 iu
438 1271 492 1330 bac
512 1281 594 1350 parte
614 1269 857 1331 contradictione.

537 1399 653 1447 Extannio
672 1401 701 1445 ed
720 1399 779 1445 alien
797 1401 912 1446 nationes.

292 1489 400 1553 Eadem
424 1503 610 1552 sacrosancte
632 1491 771 1572 synodus,
800 1495 828 1552 iu
852 1491 960 1574 Spiritu
984 1505 1083 1554 sancto
1107 1495 1238 1574 legitime

208 1588 400 1658 cengregete,
428 1575 657 1658 praesidentibus
680 1581 709 1637 iu
728 1598 764 1638 eo
782 1578 888 1639 eisdem
908 1579 1182 1660 apostolicaesedis
1201 1579 1239 1640 de

207 1665 298 1724 latere
323 1666 440 1744 legetis,
469 1664 597 1724 omuibus
620 1675 650 1724 et
668 1665 786 1742 siugulis
805 1666 883 1736 eliis,
912 1667 959 1745 qui
977 1665 1125 1726 nobiscum
1144 1667 1172 1724 in
1192 1668 1237 1737 iis,

93 1765 98 1773 “
208 1768 280 1828 quee
299 1761 364 1811 suut
381 1747 463 1820 iidei,
492 1752 718 1809 communionem
737 1770 793 1809 uon
816 1750 937 1823 babent,
961 1769 1002 1810 ex
1024 1751 1238 1830 quibuscunque

206 1836 319 1916 reguis,
344 1835 520 1908 nationibus,
542 1837 713 1916 provinciis,
738 1836 900 1896 civitatibus
919 1855 953 1896 ec
972 1837 1059 1907 locis,
1086 1837 1238 1916 inquibus

205 1919 322 2000 publice
345 1932 375 1982 et
396 1923 509 2001 impune
532 1920 718 2004 praedicatur
735 1922 781 1982 vel
799 1919 923 1982 docetur
940 1923 1000 1981 sive
1019 1920 1149 1982 creditur
1166 1943 1238 1981 cou-

207 2007 324 2066 trerium
343 2009 418 2079 eius,
447 2005 522 2088 quod
540 2019 641 2068 sancte
659 2005 787 2066 Romane
804 2009 892 2067 sentit
909 2008 1048 2078 ecclesie,
1076 2005 1127 2066 det
1148 2005 1236 2070 fidem

64 2161 68 2166 .
155 2107 193 2148 nse
206 2091 349 2172 publicem
372 2093 431 2152 sive
454 2094 560 2152 salvum
585 2091 756 2154 conductum
779 2093 830 2152 sub
851 2091 951 2152 eadem
970 2093 1061 2152 forma
1080 2103 1110 2152 et
1128 2091 1237 2154 eisdem

205 2177 318 2249 verbis,
339 2176 439 2257 quibus
459 2176 543 2236 detur
562 2173 721 2237 Germanis.

571 2509 752 2559 ΕΕΗΙΟ
778 2507 867 2559 xix.

517 2597 628 2648 QUAE
652 2599 731 2644 EST
756 2597 922 2642 usuris

355 2681 461 2750 SUB
502 2681 1087 2764 r101V.1>0NT.MAx.,

590 2809 790 2858 GELEBRA
800 2811 852 2858 ΤΔ

494 2906 558 2950 ΜΕ
585 2905 662 2952 XIV.
683 2905 768 2952 meu
794 2906 941 2952 MDLXH.

272 3035 509 3082 DECRE'I'UM
535 3038 897 3086 PROROGA'I'IONIS
927 3039 1163 3084 sussionis

291 3147 485 3212 sacrosancte
503 3156 689 3214 oecumenica
706 3164 737 3214 et
755 3152 899 3232 generalis
912 3148 1081 3212 Tridentino
1095 3149 1235 3232 synodus,

108 3311 116 3318 η
203 3237 233 3294 io
256 3233 365 3315 Spiritu
387 3249 487 3298 saneto
511 3238 639 3317 legitime
663 3249 855 3317 congregate,
883 3236 1113 3317 praesidentibus
1140 3239 1170 3297 in
1197 3257 1236 3297 ee

203 3321 312 3382 eisdem
335 3325 512 3402 apostolicae
535 3322 612 3384 sedis
635 3326 751 3404 legetis,
779 3322 898 3384 decreta
920 3343 969 3395 ea,
998 3338 1070 3403 quee
1092 3315 1180 3382 bodie
1204 3324 1235 3382 in

203 3410 350 3484 praesenti
372 3411 501 3470 sessione
524 3409 674 3470 statuenda
696 3431 731 3470 ae
755 3407 910 3470 sancienda
932 3419 1027 3483 eraut,
1056 3410 1137 3469 iustis
1160 3425 1235 3466 uon·

204 3492 288 3550 nullis
315 3513 350 3552 ee
377 3494 505 3555 honestis
532 3497 625 3556 censis
652 3497 681 3555 in
708 3491 959 3574 femam'qmnem
986 3505 1052 3574 post
1073 3491 1234 3574 proximem

203 3576 413 3638 solemnitatem
432 3581 569 3661 Corporis
589 3581 708 3655 Christi,
738 3597 810 3661 quae
833 3582 890 3640 erit
911 3579 1005 3660 pridie
1028 3579 1128 3640 Nonas
1147 3579 1232 3651 lunii,

114 3682 121 3690 ·
203 3661 389 3741 proroganda
406 3685 470 3726 esse
490 3668 652 3727 censuitne
670 3677 823 3748 prorogat,
851 3665 984 3746 dictaque
1003 3664 1049 3726 die
1073 3667 1232 3728 sessionem

204 3746 364 3808 habendam
382 3767 447 3810 essa
464 3769 500 3812 no
518 3751 719 3813 celebrandam
738 3752 867 3812 omuibus
888 3749 1000 3812 indicit.
1044 3751 1160 3812 luteree
1181 3769 1232 3809 ro·

202 3831 314 3910 gendos
337 3846 382 3894 est
403 3835 480 3895 Deus
498 3848 529 3896 et
545 3837 633 3898 Peter
650 3839 764 3898 Domini
785 3839 876 3898 nasu-i
894 3837 959 3906 lesu
978 3837 1099 3911 Christi,
1128 3846 1231 3897 oueter

203 3921 297 3997 pacis,
333 3933 365 3979 ut
390 3922 551 3982 sanetilleet
579 3923 668 3983 corde
695 3926 831 3999 omnium,
868 3941 924 4002 quo
951 3922 1103 3984 adiuvante
1127 3931 1232 3984 sancte
