2654 4334
204 253 215 262 ”
254 273 923 352 nnneoncsnrnnnmnnossssn.
1028 284 1110 340 non

75 437 192 501 pocuue
211 437 246 477 no
264 417 608 478 censurns'ssbiicientos
626 433 686 488 sos,
706 418 754 496 qui
768 419 832 477 nusi
843 419 952 478 luerint
964 440 1106 494 asserere,

77 505 256 566 contrariom
275 505 438 582 opinionem
456 511 602 573 tenentos,
624 500 762 562 videlicet
783 503 937 581 glor-isson
956 505 1107 585 Virginem

74 589 199 650 Muniam
219 607 283 648 cum
302 588 435 666 originali
452 597 576 667 pcccoto
593 588 681 647 fnisse
700 599 879 669 coneepm,
902 591 1032 651 haeresis
1051 595 1108 652 cri-
1201 633 1207 640 ι

77 693 143 734 men
162 675 209 733 vel
227 662 376 752 poccstu'm
396 676 552 734 incurrere·
564 673 694 745 mortulo,
718 692 802 752 quum
820 673 944 735 nondum
962 679 1001 736 sit
1017 697 1036 735 n
1049 677 1109 737 lle-

76 779 162 820 mnus
186 759 313 819 ccclesia
336 770 367 819 et
388 760 548 838 apostolica
575 757 644 818 onds
672 757 816 833 decisum
844 779 902 820 nen
929 762 1110 830 obstantibus

77 844 334 906 constitutionibus
347 856 378 905 et
392 843 620 906 ordinationibus
638 843 806 924 apostolicis
821 849 975 906 contrariis
994 848 1109 926 quibus·

78 949 204 1010 cunque,
224 929 324 1009 quibus
345 931 536 990 communitor
555 930 601 990 vel
624 928 735 989 divisim
756 949 777 989 o
797 929 866 992 sodo
885 934 1049 1012 spostolicn
1064 936 1108 995 in·

77 1015 188 1076 dultum
203 1015 341 1088 -sssistot,
370 1014 446 1094 quod
464 1014 613 1086 interdici,
642 1015 777 1095 suspendi
799 1018 845 1077 vel
865 1021 1108 1080 excommunioni
1131 1028 1150 1048 ”

77 1123 136 1160 non
156 1102 267 1181 possint
288 1119 342 1180 por
360 1101 459 1162 literns
481 1101 669 1181 apostoliens,
697 1121 755 1161 non
777 1103 919 1163 incientes
941 1105 1053 1184 plenem
1072 1123 1108 1164 nc

77 1205 256 1267 expressam,
274 1205 310 1246 oe
329 1185 367 1247 do
383 1186 474 1247 verbo
492 1186 529 1246 ad
546 1186 664 1246 verbnm
678 1185 716 1246 de
729 1185 839 1248 indulto
855 1189 1015 1250 buius-odi
1030 1209 1109 1250 men-

78 1275 200 1332 tionem.
235 1271 274 1331 Et
291 1291 328 1332 ns
346 1271 382 1334 de
405 1273 569 1352 praemissis
595 1271 748 1352 aliquando
774 1275 891 1334 valcant
917 1279 1109 1353 ignorantiam

77 1359 221 1436 allegare,
239 1357 377 1430 volumus,
397 1356 472 1438 quod
491 1358 619 1418 locorum
635 1356 774 1418 ordines-ii
792 1361 922 1439 »nunniti
940 1372 1108 1439 praesentes

77 1444 181 1504 literas
199 1443 228 1501 in
247 1443 380 1503 eeclesiis
398 1442 620 1503 consistentibus
637 1445 666 1502 in
685 1463 783 1504 eorum
799 1445 971 1518 civitatibus,
995 1458 1026 1508 ct
1043 1467 1108 1506 sns-
1121 1465 1163 1506 sss
1192 1517 1194 1526 Ι

79 1549 144 1590 rum
163 1527 328 1588 dioecesum
347 1529 419 1588 locis
441 1527 612 1608 insignibus,
636 1527 701 1588 dum
720 1531 812 1590 moion
828 1531 869 1590 ibi
887 1531 1036 1591 multitudo
1056 1551 1108 1610 po·

78 1615 143 1695 puli
161 1613 196 1674 nd
219 1613 316 1674 dirius
339 1616 521 1686 convenerit,
550 1614 729 1674 sermonibus
756 1614 793 1674 sd
816 1616 949 1694 populum
963 1615 1110 1676 mundent

78 1711 112 1760 ct
131 1699 239 1759 fociant
259 1699 410 1779 publicari.
446 1697 617 1770 Praeterea,
647 1701 712 1778 quin
735 1698 850 1759 difficile
872 1701 950 1760 iorot
971 1721 1109 1781 praescu-

77 1795 125 1846 tes
141 1784 242 1848 literos
254 1782 292 1844 ad
305 1787 417 1864 singulo
432 1786 506 1856 locs,
526 1786 554 1842 in
570 1785 671 1864 quibus
690 1783 846 1864 expediens
864 1788 961 1859 luerit,
981 1787 1107 1860 deferre,

80 1872 167 1932 utinm
185 1870 315 1930 volumus
332 1881 364 1931 ot
385 1869 463 1930 diota
485 1872 660 1930 auctoritate
682 1868 877 1944 decernimus,
906 1871 982 1952 quod
1005 1894 1109 1933 enrnn-
1217 1885 1220 1897 ¹

81 1955 148 2016 donn
164 1957 312 2016 literarum
330 1965 536 2034 trsnssumpto‚
559 1975 641 2014 nonu
660 1955 768 2036 publici
786 1957 891 2015 notorii
911 1959 1055 2030 conlccto,
1079 1968 1110 2018 ct

80 2041 248 2106 authentico
266 2042 388 2102 alicuius
403 2042 525 2122 praelati
545 2041 738 2101 ecclesiastici
752 2042 848 2120 sigillo
867 2044 983 2115 munito,
1003 2043 1109 2123 ubique

80 2139 182 2201 astur,
202 2138 288 2208 prout
305 2138 430 2188 staretur
447 2125 556 2188 eisdem
575 2126 763 2206 originalibus
781 2127 883 2199 literis,
901 2130 925 2187 si
942 2129 1041 2189 forent
1057 2147 1110 2190 ex-

79 2215 192 2276 hibitae
209 2214 255 2273 vol
274 2223 416 2274 ostensos.
445 2212 523 2272 Nulli
542 2231 616 2291 crgo
634 2214 748 2273 omnino
767 2213 909 2274 bominum
929 2215 1017 2274 licent
1034 2216 1110 2275 bono

78 2299 218 2380 paginam
234 2310 350 2359 nostroe
375 2299 601 2379 reprobationis,
630 2297 834 2370 damnationis,
862 2301 971 2372 statuti,
991 2299 1111 2361 ordina·

79 2387 183 2457 tionis,
201 2385 357 2445 voluntstis
375 2396 406 2445 ct
423 2383 534 2446 decreti
553 2385 727 2464 infringere,
750 2386 796 2444 scl
819 2387 847 2444 ci
866 2405 935 2445 ausu
954 2388 1108 2446 temerario

80 2470 239 2532 cont-siro.
277 2468 309 2529 st
328 2471 391 2549 quis
409 2481 503 2531 nutem
522 2470 578 2531 boe
596 2481 740 2530 attentare
759 2474 996 2551 praesumpserit,
1015 2471 1112 2550 indig-

79 2557 228 2617 nntionem
247 2557 451 2636 omnipotentis
463 2555 517 2616 Dei
541 2566 572 2615 ot
587 2556 737 2616 beatorum
753 2555 830 2616 Petri
846 2568 876 2617 et
890 2557 969 2616 Puuli
981 2556 1111 2638 Aposto-

79 2644 174 2703 lorum
200 2641 261 2701 eius
283 2661 315 2702 se
337 2643 451 2702 noverit
472 2642 659 2700 incursurum.
695 2641 797 2702 Datum
821 2643 929 2702 Rornae
951 2643 1026 2723 opud
1045 2664 1112 2704 son-

80 2739 158 2789 etum
177 2725 303 2799 Petrum,
321 2747 397 2787 nnuo
416 2727 625 2787 incarnationis
644 2726 804 2787 dominicos
826 2734 918 2800 1483,
936 2728 1029 2807 pridie
1047 2728 1110 2790 No-

80 2833 133 2874 uos
152 2811 312 2892 Septemb„
330 2811 516 2873 Pontificatus
535 2813 626 2870 nostri
645 2831 719 2870 nuno
737 2811 817 2871 xt11.

377 3067 831 3144 nurunulx·
1123 3030 1189 3146 ω’

81 3203 286 3270 Atlossunr
305 3203 580 3279 QUORUNDAM
599 3199 978 3278 DOCUMENTORUM,
994 3203 1109 3280 QUAE
1229 3269 1238 3286 ‚

128 3307 437 3372 ,rfluotoumu
461 3305 737 3370 CANDlDATlS
761 3305 913 3370 UTlLlA
935 3305 1046 3372 ESSE

286 3435 289 3442 ⁴
476 3409 717 3470 vlusnuun.

580 3545 613 3598 l.

161 3653 336 3702 ΒΑΜΝΔΤΙΟ
354 3651 516 3700 naitonum
534 3651 715 3716 wlcumt,
731 3652 796 3700 HUS
814 3651 859 3698 ET
877 3652 1030 3706 sumunt

49 3767 50 3774 ’
170 3752 366 3814 Snsrossncts
384 3753 611 3814 constantiensis
629 3751 769 3833 synodus,
792 3753 931 3832 gencrolo
955 3757 1109 3818 concilium

81 3841 208 3913 luins,
223 3850 254 3900 et
271 3840 425 3901 ecelesiam
448 3839 620 3902 cstboliconn
642 3849 864 3920 rcpmossntnns
881 3850 938 3902 sto.
977 3840 1026 3908 dd
1044 3861 1110 3922 por·

81 3937 201 4006 pntusm
217 3927 261 3986 rei
277 3926 453 3988 momerium.
938 3973 942 3980 .
