2654 4334
277 231 404 302 namn.
422 231 571 288 saaon
590 233 731 290 pascu.
755 237 903 300 consu.
1037 239 1115 324 nst

127 365 133 374 ’
223 371 397 424 nammatio
416 371 579 424 ERRORUM
595 375 766 426 resultasti
783 377 980 431 QUESNEbbl.

465 469 534 514 llnlle
548 469 676 532 Clementis
689 471 735 516 xt.

172 543 307 603 Clemens
317 541 485 623 Episcopus,
494 563 592 605 servus
610 563 760 604 servorum·
771 545 834 619 bct,
853 549 992 607 universis
1003 547 1111 610 Cbristi
1183 531 1186 538 ¹

70 630 221 690 fidelibus
237 630 357 688 salutem
376 639 407 689 et
424 630 610 708 apostolicam
634 629 874 692 benedictionem.

173 713 343 792 {inigenitus
362 713 416 773 Dei
434 714 535 786 Filius,
557 734 611 794 pro
626 725 728 786 ¹nostra
750 726 781 776 et
797 719 885 777 totins
904 715 999 777 mundi
1017 718 1110 778 salute

73 803 161 860 filius
175 800 300 860 bominis
314 800 416 870 lactus,
432 798 497 859 dum
513 799 668 879 discipulos
686 821 752 861 suos
771 801 902 861 doctrina
920 804 1049 862 veritatis
1067 804 1110 862 in·

73 895 227 957 strueret,
255 885 471 964 universamque
494 885 646 946 ecclesiam
669 905 747 946 snam
770 885 954 967 inApostolis
972 887 1109 960 erudiret,

73 971 252 1052 praesentia
276 968 430 1049 disponens
452 981 483 1029 et
503 971 599 1030 lutura
621 973 813 1051 prospiciens,
841 974 993 1052 praeclaro
1011 993 1047 1033 ac
1065 993 1112 1032 se·

74 1057 244 1116 luberrimo
263 1053 436 1115 documento
454 1075 507 1115 nos
525 1055 685 1128 admonuit,
712 1068 744 1116 ut
765 1057 978 1118 attenderemus
996 1078 1013 1118 a
1031 1059 1112 1118 falsis

74 1141 252 1222 prophetis,
280 1141 327 1218 qui
349 1142 466 1200 veniunt
482 1139 524 1200 'ad
547 1161 600 1200 nos
622 1144 651 1201 in
669 1145 845 1214 vestimentis
863 1145 965 1216 ovium,
994 1161 1111 1222 quorum

75 1227 204 1286 nomine
227 1227 402 1304 potissimum
430 1225 661 1288 demonstrantur
681 1229 815 1306 'magistri
841 1229 883 1288 illi
905 1227 1060 1289 mendaces
1082 1240 1111 1290 et

78 1315 110 1373 in
133 1311 312 1390 deceptione
334 1311 481 1384 illusores,
509 1314 570 1391 qui,
597 1311 748 1391 splendida
770 1315 886 1392 pietatis
908 1315 1006 1394 speeie
1024 1301 1112 1394 prava

78 1399 226 1476 dogmata
252 1397 377 1456 latenter
403 1398 592 1468 insinuantes,
619 1397 803 1459 introducunt
821 1409 916 1459 sectas
943 1397 1112 1478 perditionis

77 1484 139 1544 snb
159 1483 284 1560 imagine
303 1483 472 1554 sanctitatis,
491 1493 578 1562 utque
596 1483 709 1542 facilius
724 1486 845 1543 incautis
863 1485 1013 1564 obrepant,
1034 1485 1113 1564 quasi

76 1569 268 1648 deponentes
287 1567 409 1645 lupinam
431 1567 550 1646 pellem,
578 1577 608 1626 ct
633 1587 697 1628 sese
724 1567 837 1628 divinae
865 1569 938 1646 legis
964 1569 1114 1629 sententiis

78 1654 171 1714 velut
189 1651 352 1731 quibusdam
370 1654 462 1712 ovium
480 1653 634 1713 velleribus
647 1654 842 1725 obvolventes,
862 1663 1023 1712 sanctarum
1041 1653 1114 1712 scri·

78 1751 250 1820 pturerum,
274 1736 406 1816 adeoque
428 1740 512 1797 etiam
536 1738 624 1818 ipsivs
646 1741 712 1797 novi
735 1740 898 1798 testamenti
915 1739 1021 1811 verbis,
1041 1757 1114 1818 quae

82 1824 287 1902 multipliciter
303 1824 333 1882 in
351 1843 429 1882 suam
452 1825 628 1902 aliorumque
651 1821 840 1902 perditionem
864 1822 1035 1902 depravant,
1063 1843 1115 1884 ue·

83 1911 187 1989 quitor
204 1910 371 1981 abutuntur;
395 1908 503 1988 antiqui
521 1909 647 1980 scilicet,
671 1929 688 1967 a
706 1928 762 1987 quo
780 1909 924 1988 progeniti
943 1919 1016 1980 sunt,
1035 1927 1134 1970 men--

83 1996 168 2054 dacii
187 1994 462 2073 parentis-exemplo
486 2013 521 2052 ac
544 1995 709 2072 magisterio
732 1993 843 2066 edocti,
872 1993 976 2053 nullam
999 1995 1114 2053 omnino

84 2100 155 2141 esse
175 2079 210 2139 ad
230 2077 382 2138 fallendum
402 2077 610 2158 expeditiorem
627 2081 711 2151 viarm
730 2099 813 2158 qnam
831 2090 863 2138 ut
879 2078 928 2138 nbi
947 2079 1050 2138 natant
1068 2097 1115 2138 er·
1198 2091 1205 2105 ·

84 2168 167 2226 roris
195 2163 440 2224 subintroducitur
469 2163 674 2237 fraudulentia,
706 2166 745 2224 ibi
777 2163 936 2224 divinorum
962 2161 1115 2224 verborum
1156 2237 1160 2244 Α

89 2251 301 2333 praetendatur
317 2251 485 2310 auctoritas.
785 2296 788 2304 ,

178 2337 228 2395 llis
252 2355 304 2394 nos
325 2354 394 2395 vere
417 2333 519 2394 divinis
541 2335 654 2394 monitis
677 2336 823 2406 instructi,
845 2336 903 2396 ubi.
917 2335 1035 2415 pmmum
1058 2354 1115 2394 non

85 2425 153 2482 sine
174 2424 272 2481 intima
292 2419 388 2480 cordis
408 2422 497 2480 nostri
510 2420 699 2480 amaritudine
714 2423 887 2501 accepimus,
906 2421 1008 2481 librum
1027 2439 1117 2500 quen-

90 2507 155 2568 dam
171 2507 283 2590 ·gallico
301 2505 437 2567 idiomate
457 2506 523 2566 olim
542 2508 719 2586 impressum,
739 2517 768 2567 et
786 2509 814 2566 in
833 2507 929 2586 plures
946 2517 1040 2565 tomos
1058 2503 1117 2566 dis-

90 2594 243 2664 tributnm,
271 2592 322 2651 sub
350 2593 433 2650 titulo
465 2591 527 2663 „Le
554 2611 689 2652 nouuenu
717 2603 874 2654 testament
898 2613 934 2652 ca
962 2592 1115 2663 Francot's,
1148 2621 1153 2647 .-

89 2699 165 2738 coeo
177 2681 213 2736 de
222 2677 385 2758 reflectens
394 2678 520 2736 morales
533 2695 585 2736 ser
595 2677 706 2756 altaque
716 2688 814 2738 verset
822 2687 877 2738 cte.
897 2679 1114 2742 tractaretis.

88 2766 180 2824 aliter
197 2781 281 2824 vero:
300 2762 425 2840 Abregd
444 2764 479 2820 de
498 2763 529 2820 la
542 2763 654 2820 morale
670 2764 706 2820 de
721 2761 890 2840 vionagia,
910 2765 961 2823 des
975 2763 1117 2823 oetesdee

91 2851 228 2928 inpetres,
253 2851 304 2907 des
321 2849 432 2926 epitres
449 2847 485 2906 de
503 2848 533 2907 S.
553 2848 640 2918 Paul,
669 2848 720 2906 des
737 2848 847 2925 epitres
864 2848 1058 2924 canont‘qucs,
1086 2857 1120 2904 ct

84 2938 128 2994 sle
148 2931 363 3013 l'apocalypee,
386 2953 423 2994 ou
444 2933 569 2992 Penades
592 2931 777 2992 chrett'ennes
797 2951 850 2990 aar
868 2933 895 2990 le
914 2939 995 2989 tecle
1014 2931 1051 2989 de
1068 2947 1118 2990 ees

90 3023 182 3082 liores
199 3037 299 3080 sacres
318 3027 372 3077 etc.
396 3019 519 3077 arara
539 3019 630 3081 aava
654 3019 684 3076 et
702 3018 833 3081 lolli-“a
862 3015 975 3074 tametsi
1001 3015 1073 3074 alias
1099 3033 1118 3074 a

86 3107 176 3166 uobis
200 3103 373 3174 damnatum,
405 3123 440 3162 ae
467 3120 569 3162 revera
597 3101 749 3161 catholicis
774 3101 941 3160 veritatibus
967 3117 1116 3179 pravarum

85 3191 288 3252 doctrinarum
302 3187 452 3258 mendacia
465 3188 647 3247 multifariam
661 3189 890 3267 permiscentem,
910 3185 1002 3246 adbuc
1022 3195 1116 3246 tamen
1129 3199 1169 3240 too
1228 3183 1230 3192 ’

89 3287 225 3356 tanquam
244 3274 280 3334 ab
299 3275 375 3333 omni
394 3292 494 3332 errore
516 3274 666 3333 immunem
690 3292 707 3332 a
725 3273 851 3352 pluribus
869 3270 985 3342 baberi,
1010 3269 1117 3330 Christi

91 3360 219 3422 fidelium
238 3359 365 3420 manibus
384 3361 487 3438 passim
506 3357 635 3430 obtrudi,
654 3378 689 3418 ao
704 3357 900 3418 nonnullorum
916 3373 989 3415 nova
1003 3374 1118 3434 semper

90 3447 262 3506 tentantium
282 3445 402 3504 consssio
421 3453 452 3503 et
469 3461 558 3522 opera
576 3443 703 3504 studiose
721 3445 803 3503 nimis
818 3459 1040 3523 quaquaversum
1058 3439 1117 3499 dis·
1225 3452 1228 3461 ¹

89 3533 242 3602 seminari,
270 3531 356 3590 etiam
379 3530 467 3589 latine
491 3527 646 3601 redditum,
673 3539 706 3587 ut
726 3530 907 3608 perniciosae
930 3526 1116 3586 institutionis
1196 3539 1198 3548 ’

92 3619 272 3696 contagium,
292 3617 316 3675 si
335 3615 397 3674 fieri
415 3615 519 3694 possit,
542 3624 723 3693 pertranseat
744 3613 783 3674 de
801 3624 886 3691 gente
905 3612 934 3672 ia
953 3623 1068 3690 gentem
1086 3621 1116 3672 et

89 3700 127 3762 de
145 3721 239 3781 regno
258 3699 295 3761 sd
313 3701 454 3780 populum
465 3699 599 3770 alterum,
621 3701 744 3759 versutis
762 3697 922 3759 huiusmodi
941 3696 1117 3757 seductioni·

90 3788 144 3847 bas
163 3799 250 3866 atque
268 3786 390 3846 fallaciis
409 3782 550 3845 creditam
568 3785 650 3844 nobis
669 3784 840 3845 dominicum
859 3785 1025 3863 gregemin
1042 3783 1115 3842 mam

90 3871 262 3952 perditionis
285 3871 390 3932 sensim
412 3868 516 3930 abduci
539 3889 718 3952 summopere
741 3869 890 3942 doluimus,
913 3867 1044 3948 adeoque
1066 3867 1119 3946 pa·
