2654 4334
180 206 263 262 ano
375 195 645 258 snssroxxv
679 160 1028 254 nnnsrounnu.

180 344 254 403 biles
277 361 311 403 ac
329 341 440 420 indigni
464 340 676 424 quibuscunque
695 338 866 410 honoribus,
893 337 1095 417 dignitatibus,
1117 341 1214 402 bene-

182 427 255 486 ficiis
273 448 308 486 ac
326 427 452 487 efficiis'
443 446 473 485 ιιι
491 436 637 504 posterum
655 425 821 495 reddantur,
840 422 933 484 donec
951 427 1209 526 postmanilestam

181 514 257 572 vitae
276 512 506 572 emendationem
529 511 564 570 ab
588 530 687 571 eorum
711 509 906 590 superioribus
929 529 992 570 cum
1011 513 1046 570 iis
1064 530 1102 570 ex
1120 531 1210 571 causa

180 600 270 658 visum
288 598 377 658 fuerit
399 594 628 676 dispensandum.
673 594 773 656 Sed'
750 616 788 668 sr,
811 606 959 675 postquam
983 615 1033 656 cas
1055 597 1146 656 semel
1164 595 1210 655 di·

181 685 324 756 miserint,
356 685 546 743 intermissum
574 684 748 742 consortium
776 690 911 760 repetere
938 691 987 740 aut
1013 683 1085 740 alias
1112 682 1211 742 buius-

181 767 258 827 modi
275 768 460 829 scandalosas
479 767 613 826 mulieres
631 767 685 826 sibi
703 765 862 845 adiungere
881 767 942 826 ansi
956 766 1071 839 iuer-int,
1090 779 1212 846 praeter

181 853 471 933 praedictassspoenas
490 853 792 912 excommnuicationis
810 847 907 929 gladio
925 852 1098 931 plectantur.
1143 851 1210 912 Nec

182 940 300 1017 quaevis
318 938 473 1018 appellatio
492 946 541 996 aut
558 939 703 1016 exemptio
720 935 898 1016 praedictam
922 939 1138 998 exsecutionem
1156 941 1211 996 im·

181 1024 280 1102 pediat
297 1035 347 1082 aut
364 1021 531 1102 suspendat,
551 1021 835 1102 supradictorumque
858 1023 981 1082 omnium
1001 1025 1130 1100 cognitio
1150 1042 1210 1082 non

130 1108 218 1168 autad
237 1108 472 1180 archidiaconos,
501 1126 556 1167 nec
575 1105 702 1168 decanos
729 1119 778 1166 aut
804 1109 876 1166 alios
894 1107 1063 1179 inferiores,
1092 1107 1144 1168 sed
1172 1107 1211 1168 ad

181 1197 337 1274 episcopos
355 1194 433 1275 ipsos
446 1194 599 1272 pertineat,
618 1193 666 1272 qui
684 1194 745 1252 sine
763 1194 884 1272 strepitu
902 1203 933 1253 et
950 1193 1041 1272 figura
1059 1192 1160 1253 iudicii
1180 1205 1212 1254 et

182 1279 245 1339 sola
270 1280 340 1338 lacti
367 1282 491 1339 veritate
513 1279 644 1357 inspecta
661 1277 823 1358 procedere
846 1280 965 1358 possint.
1011 1279 1120 1340 Clerici
1138 1299 1210 1340 vero

181 1364 325 1424 beneficia
349 1363 550 1423 ecclesiastica
571 1373 621 1422 aut
642 1365 796 1442 pensiones
819 1383 876 1422 non
893 1364 1032 1424 babentes
1055 1365 1136 1423 iuxta
1157 1363 1210 1424 de-

101 1512 106 1520 ,
182 1451 244 1509 licti
262 1459 293 1509 et
311 1450 509 1509 contumaciae
527 1449 770 1527 perseverantiam
788 1461 819 1509 et
836 1449 1000 1528 qualitatem
1018 1449 1054 1508 ab
1072 1451 1212 1530 ipsocpi-

182 1554 272 1614 scopo
292 1536 421 1594 carceris
439 1554 547 1613 poena,
575 1533 761 1612 suspensione
781 1534 816 1594 ab
836 1531 947 1606 ordine,
974 1555 1009 1594 ac
1028 1535 1210 1596 inhabilitate

182 1618 219 1679 ad
246 1620 389 1680 beneficia
415 1617 584 1690 obtinenda,
616 1619 715 1679 aliisve
738 1619 830 1679 modis
853 1621 933 1679 iuxta
953 1639 1053 1679 sacros
1081 1640 1211 1680 canones

120 1705 126 1711 “
182 1708 343 1786 puniantur.
388 1703 525 1786 Episcopi
535 1707 563 1778 1)
584 1723 710 1784 qnoque,
739 1703 814 1784 qnod
837 1704 923 1776 absit,
950 1707 975 1764 si
993 1704 1028 1764 ab
1046 1705 1212 1766 huiusmodi

183 1791 302 1850 crimine
321 1809 378 1849 non
397 1790 599 1860 abstinuerint,
623 1800 653 1849 et
670 1810 688 1852 a
704 1789 815 1869 synodo
832 1791 1003 1868 quoviuciali
1021 1789 1160 1850 admoniti
1177 1811 1210 1852 se

183 1895 240 1934 non
255 1873 479 1947 emendaverint,
498 1877 560 1953 ipso
579 1877 658 1934 facto
677 1876 734 1934 sint
751 1877 890 1953 suspensi,
910 1886 948 1948 et,
968 1877 992 1935 si
1009 1887 1210 1955 perseverent,

182 1962 269 2020 etiam
287 1959 324 2020 ad
342 1962 548 2020 sanctissimum
563 1960 719 2020 Romanum
735 1959 903 2020 Pontificem
921 1961 957 2020 ab
976 1959 1077 2021 eadem
1096 1960 1211 2040 synodo

181 2045 366 2117 deierantur,
393 2048 441 2125 qui
466 2066 519 2126 pro
539 2046 674 2126 qualitate
694 2044 810 2126 culpae,
840 2048 925 2108 ctiam
950 2066 1004 2126 per
1020 2048 1211 2128 privationem

182 2133 207 2192 si
226 2152 296 2211 opus
316 2133 380 2201 erit,
401 2133 429 2189 in
448 2151 499 2190 eos
518 2129 733 2190 animadvertat.

182 2269 210 2314 G.
228 2267 286 2314 XV.
321 2265 387 2316 ruet
406 2269 558 2316 clericorum
580 2269 711 2330 illegitime·
730 2282 749 2314 a
771 2267 922 2330 quibusdam
942 2267 1073 2330 beneficiis
1094 2269 1212 2338 arcendi.

270 2351 307 2412 Ut
324 2363 462 2432 paternae
485 2353 710 2413 incontinentiae
733 2354 871 2412 memoria
893 2372 910 2412 a
933 2353 1005 2412 locis
1022 2353 1086 2415 Deo
1107 2375 1212 2416 conse·

184 2439 286 2509 cratis,
315 2457 385 2516 quos
412 2439 533 2496 maxime
560 2439 669 2515 puritas
696 2438 890 2518 sanctitasque
916 2437 1015 2510 decet,
1043 2439 1211 2518 longissime

183 2531 327 2592 arceatur,
347 2539 403 2580 non
422 2521 511 2581 liccat
528 2521 594 2581 filiis
613 2521 794 2594 clericorum,
814 2526 861 2603 qui
880 2543 936 2583 non
955 2543 992 2583 ex
1006 2525 1135 2603 legitimo
1151 2528 1212 2585 nati

181 2616 249 2666 sunt
270 2605 464 2677 matrimonio,
497 2607 526 2664 in
549 2605 695 2678 ecclesiis,
723 2607 771 2666 ubi
794 2628 892 2669 eorum
918 2619 1015 2688 patres
1037 2610 1210 2670 beneficium

183 2688 300 2770 aliquod
327 2690 555 2750 ecclesiasticum
586 2690 694 2754 babent
724 2703 774 2752 aut
799 2693 972 2766 habuerunt,
1009 2695 1209 2776 quodcunque,

127 2834 139 2846 ,
184 2777 270 2836 etiam
297 2774 448 2850 dissimile,
474 2776 645 2836 beneficium
673 2777 853 2853 obtinere2),
881 2799 935 2840 nec
962 2781 991 2838 in
1011 2779 1095 2841 dictis
1113 2781 1211 2842 eccle-

183 2860 233 2921 siis
261 2881 374 2941 quoquo
401 2860 486 2922 modo
513 2863 688 2934 ministrare,
717 2883 770 2924 uec
798 2866 949 2944 pensiones
967 2885 1054 2945 super
1070 2866 1211 2927 fructibus

183 2946 399 3021 beneficiorum,
428 2966 499 3038 qnae
526 2957 661 3027 parentes
688 2967 786 3008 corum
810 2950 940 3010 obtinent
965 2952 1011 3010 vel
1038 2951 1107 3011 alias
1136 2948 1211 3012 obti-

138 3067 142 3074 ‚
183 3045 315 3106 nuerunt,
334 3031 453 3095 babere
493 3025 617 3106 Quod
594 3054 618 3092 ει
636 3035 819 3113 inpraesenti
833 3045 917 3115 pater
935 3047 965 3095 ct
978 3035 1074 3096 lilius
1065 3056 1093 3096 ιιι
1107 3036 1210 3097 eadem

185 3119 310 3177 ecclesia
336 3117 478 3179 beneficia
505 3119 636 3178 obtinere
663 3122 857 3198 reperiantur,
881 3130 1003 3199 cogatur
1030 3121 1102 3180 lilius
1130 3141 1210 3182 suum

136 3199 354 3263 aubencficium
372 3205 530 3282 resignare,
549 3215 598 3263 aut
617 3223 678 3263 cum
697 3206 754 3266 alio
771 3217 935 3286 permutare
954 3217 1036 3267 extra
1054 3207 1210 3268 ecclesiam

185 3290 259 3348 intra
277 3290 361 3347 trium
379 3291 516 3348 mensium
535 3288 670 3368 spatium3
695 3291 766 3349 alias
788 3293 850 3370 ipso
873 3293 935 3350 iure
958 3310 993 3350 eo
1013 3293 1139 3371 privatus
1158 3311 1209 3352 ex-

184 3375 281 3445 sistat,
299 3383 329 3434 et
346 3393 434 3453 super
452 3374 486 3432 iis
505 3389 690 3454 quaecunque
708 3373 882 3456 dispensatio
906 3377 1070 3455 surreptitia
1088 3396 1209 3438 censea-

183 3468 240 3516 tur.
290 3457 336 3516 Ad
360 3458 432 3519 baec
460 3461 630 3536 reciprocae
653 3461 877 3538 resignationes,
904 3462 930 3521 ,si
954 3481 1025 3541 quae
1047 3463 1208 3542 posthaca

184 3542 350 3619 parentibus
378 3545 493 3603 clericis
511 3545 540 3602 in
557 3545 685 3604 favorem
704 3546 825 3606 liliorum
844 3546 926 3618 fient,
949 3558 981 3605 ut
999 3547 1073 3607 alter
1090 3550 1209 3608 alterius

185 3626 355 3686 beneficium
374 3639 578 3708 consequatur,
602 3632 631 3695 in
650 3630 779 3692 fraudem
800 3632 883 3691 buius
906 3630 1017 3692 decreti
1039 3643 1069 3693 et
1091 3635 1210 3693 canoni-

185 3751 398 3791 -Ὗ

185 3771 535 3911 ,territans
546 3809 840 3912 attestatius?
846 3816 1003 3920 curru:-
993 3815 1210 3868 ···-⁸⁶⁰⁰·“u1‘
