2648 4336
231 307 314 370 m
467 309 476 330 '
531 305 659 360 DAMN.
680 303 768 360 SYN.
792 304 959 359 PlSTOR..

233 447 393 521 sciderant,
417 448 493 508 nulla
514 458 544 506 et
566 448 646 506 irrita
670 444 872 522 declararunts
885 444 971 504 multo
994 444 1096 503 fortius
1119 444 1212 522 exigit
1235 465 1254 502 a

233 535 315 594 nobis
331 533 484 612 pastoralis
501 530 663 591 sollicitudo
683 542 827 591 recentem
846 530 944 589 horam
962 530 1068 589 factam
1086 531 1114 588 in
1127 528 1253 608 synodo

232 627 276 678 tot
289 617 366 678 vitiis
379 618 511 678 allectam
529 615 720 696 adoptionem,
738 617 817 675 velut
833 616 1023 685 temerariam,
1040 613 1252 686 scandalnsam,

231 723 268 763 ac
289 705 457 784 praesertim
480 711 545 780 post
567 700 643 760 edita
665 699 919 780 praedecessorum
942 709 1103 758 nostrorum
1131 698 1253 759 decreta

232 789 298 848 huie
329 789 505 867 apostolicae
538 784 599 845 sedi
630 805 808 864 summopere
834 786 998 844 iniuriosam
1025 785 1183 863 reprobare
1218 804 1252 844 ac

233 872 378 942 damnare,
396 883 481 952 prout
499 890 561 930 eam
579 872 723 949 praesenti
741 872 795 930 hac
812 881 910 928 nosue
928 871 1131 928 constitutione
1150 889 1253 949 repro·

232 959 330 1018 bamus
349 968 378 1016 et
396 957 571 1027 damnamus,
590 976 625 1016 ac
644 976 695 1034 pro
714 955 867 1034 reprobata
886 965 915 1013 et
933 953 1063 1012 damnata
1080 954 1182 1014 haberi
1201 975 1253 1014 vo·

232 1045 333 1101 lumus.
376 1041 422 1100 Ad
445 1040 474 1099 id
497 1060 586 1118 genus
609 1039 717 1100 fraudis
738 1041 876 1119 pertinet,
900 1038 975 1118 quod
998 1038 1124 1118 synodare
1143 1041 1172 1098 in
1196 1041 1252 1098 hoc

233 1130 295 1205 ipso
323 1125 441 1185 decreto
469 1124 504 1184 de
532 1125 587 1185 fide
615 1125 792 1205 quamplures
818 1125 964 1200 articulos.
985 1125 1148 1202 complexa,
1181 1145 1252 1203 quos

233 1211 419 1270 Lovaniensis
450 1211 593 1270 facultatis
625 1211 754 1288 theologi
785 1208 819 1268 ad
846 1209 1007 1268 Innocentii
1033 1204 1085 1268 Xl.
1114 1207 1251 1268 iudicium

175 1313 179 1322 “
234 1295 411 1367 detulerunt,
434 1306 492 1354 turn
510 1307 541 1354 et
558 1297 630 1354 alios
648 1294 797 1354 duodecim
816 1315 832 1351 a
852 1293 932 1352 card.
953 1292 1137 1353 defNoailles
1156 1293 1252 1354 Bene-

138 1433 142 1440 .
232 1380 311 1440 dieto
338 1379 414 1442 Xlll.
441 1381 567 1453 oblatos,
595 1399 652 1439 non
678 1379 851 1439 dubitaverit
876 1398 913 1438 ex
938 1379 1092 1458 reprobato
1120 1379 1250 1440 secundo

233 1465 434 1526 Ultraiectensi
453 1465 577 1525 concilio
594 1485 695 1525 vanum
707 1475 844 1544 vetusque
859 1475 1046 1523 commentum
1059 1466 1249 1535 exsuscitare,

232 1562 397 1630 temereque
420 1551 463 1609 his
484 1550 580 1610 verbis
602 1551 712 1610 iactare
729 1551 758 1608 in
776 1550 885 1628 vulgus,
904 1568 1005 1628 nempe
1022 1551 1173 1609 universae
1191 1549 1250 1609 Eu·

232 1655 321 1714 ropae
340 1637 512 1695 notissimum
532 1654 609 1707 esse,
633 1653 684 1694 eos
702 1636 838 1694 articulos
856 1634 962 1694 Romae
979 1636 1160 1694 severissimo
1180 1654 1248 1694 exa-

149 1739 152 1746 ⁴
232 1723 299 1780 mini
321 1721 467 1780 subiectos
488 1722 589 1791 fuisse,
617 1731 648 1780 et
669 1740 725 1778 non
752 1721 841 1779 solum
868 1740 887 1778 a
912 1720 1099 1799 qualicunque
1126 1739 1249 1783 censura

231 1807 367 1864 immunes
394 1807 512 1876 exiisse,
540 1805 591 1865 sed
618 1807 738 1864 etiama
764 1803 885 1886 laudatis
906 1803 1040 1884 Romania
1062 1805 1247 1864 Pontificibus

231 1891 318 1949 fuisse
350 1889 576 1962 commendatam
609 1892 688 1950 euius
719 1901 812 1950 tamen
839 1901 967 1950 assertae
994 1888 1247 1949 commendationis

230 1993 288 2033 non
305 1973 390 2034 modo
403 1976 507 2034 nullum
522 1985 615 2034 exstat
632 1975 823 2035 authenticum
842 1974 1048 2046 documentum,
1068 1977 1134 2053 quin
1152 1977 1246 2053 potius
1309 2023 1310 2026 ,

230 2059 324 2118 eidem
347 2060 528 2138 refragantur
550 2071 614 2118 acta
638 2061 788 2131 examinis,
816 2079 888 2138 quae
911 2062 940 2118 in
958 2071 1073 2118 nostrae
1096 2078 1244 2138 supremae
1309 2053 1310 2058 ¹

230 2145 417 2222 inquisitionis
439 2145 541 2203 tabulis
563 2155 755 2216 asservantur,
780 2163 796 2203 e
820 2145 919 2222 quibus
940 2143 970 2203 id
992 2155 1098 2204 tantum
1116 2156 1243 2224 apparet,

230 2230 334 2287 nullum
352 2248 438 2306 super
455 2231 489 2288 iis
507 2231 646 2308 prolatum
664 2231 751 2288 fuisse
770 2227 912 2288 iudicium.
1308 2245 1309 2250 ’

313 2369 399 2430 llisee
421 2382 574 2450 propterea
592 2371 628 2430 de
648 2375 740 2431 causis
763 2374 861 2432 librum
885 2373 958 2432 hune
981 2376 1084 2452 ipsum,
1110 2377 1155 2434 cui
1179 2377 1241 2434 titu-

228 2455 280 2512 lus:
299 2458 426 2524 „Attr'e
448 2457 564 2515 decreti
578 2457 630 2514 del
644 2459 769 2515 concilio
790 2461 945 2518 debcesuno
964 2461 998 2517 dr·
1026 2461 1140 2517 Pialeia
1173 2457 1241 2518 dell'
1307 2459 1308 2472 ¹

229 2542 321 2600 1786.
377 2542 412 2598 In
441 2541 565 2609 Pactolo,
583 2558 639 2617 per
656 2544 731 2600 Atto
750 2544 875 2602 Brucals'
889 2553 1069 2622 stampatore
1087 2548 1237 2602 oeacoor'le.

229 2623 288 2680 Con
308 2625 559 2700 upprooazr'one‚“
577 2627 636 2683 sive
654 2628 810 2702 praemisso
828 2629 887 2686 sive
907 2631 1004 2706 quovis
1022 2629 1080 2687 alio
1099 2630 1180 2688 titulo
1198 2632 1238 2688 in-

225 2708 383 2784 scriptum,
397 2706 569 2786 ubicunque,
593 2720 623 2768 et
645 2729 810 2790 quocunque
829 2711 977 2784 idiomate,
1001 2715 1097 2792 quavis
1117 2713 1236 2774 editione
1306 2777 1307 2782 ,

125 2833 128 2843 =
171 2809 210 2852 tte
224 2802 272 2851 aut
288 2793 420 2850 versione
435 2792 572 2852 hacteuus
586 2795 750 2872 impressum
765 2807 814 2856 aut
828 2796 1049 2874 imprimendum,
1069 2802 1235 2859 auctoritate

222 2878 381 2956 apostoliea
395 2888 496 2937 tenore
511 2881 701 2957 praesentium
716 2883 897 2958 prohibemus
909 2893 940 2942 et
953 2882 1126 2954 damnamus,
1146 2904 1235 2963 quem-

222 2961 371 3021 admodum
390 2964 474 3021 etiam
493 2965 565 3022 alios
584 2984 681 3023 omnes
700 2966 787 3026 libros
806 2968 834 3025 in
853 2969 914 3026 eius
932 2969 991 3027 sive
1009 2970 1070 3027 eius
1089 2968 1235 3028 doctrinae
1305 2969 1306 2978 ’

103 3119 106 3134 Ι
169 3091 173 3126 3
221 3045 430 3117 defensionem,
454 3057 509 3106 tarn
533 3050 640 3128 scripto
663 3069 745 3127 quam
763 3053 838 3130 typis
856 3055 953 3112 forsan
971 3055 1025 3112 iam
1048 3050 1156 3124 editos,
1179 3074 1234 3125 seu,

219 3129 295 3209 quod
312 3129 390 3190 Deus
408 3143 528 3204 avertat,
548 3132 684 3206 edendos,
705 3154 858 3216 eorumque
877 3139 1044 3210 lectionem,
1068 3138 1234 3220 descriptio-

218 3235 298 3286 nem,
317 3219 506 3276 retentionem
525 3228 555 3276 et
572 3239 651 3278 usum
670 3221 799 3282 omnibus
816 3233 847 3280 et
864 3224 981 3300 singulis
999 3223 1232 3286 christifidelibus
1304 3243 1305 3299 p

218 3301 269 3360 suh
293 3321 386 3379 poena
410 3304 711 3364 excommunicationis
732 3326 786 3385 per
808 3308 1048 3368 contrafacientes
1071 3309 1134 3386 ipso
1158 3311 1228 3368 facto

216 3385 407 3446 incurrendae
425 3387 608 3466 prohibemns
625 3391 734 3468 pariter
768 3401 799 3450 et
816 3391 1021 3452 interdicimus.
1050 3423 1051 3426 ¹

300 3503 493 3583 Praecipimus
515 3509 632 3587 insuper
656 3513 866 3572 venerabilibus
893 3513 1027 3571 fratribus
1053 3513 1227 3590 patriarchis,

214 3587 453 3669 archiepiscopis,
478 3602 507 3651 et
531 3594 673 3673 episcopis
695 3597 814 3676 aliisque
838 3599 965 3656 locorum
990 3595 1156 3669 ordinariis,
1179 3617 1227 3656 nec
1302 3627 1303 3630 ¹

216 3689 272 3727 non
296 3672 459 3734 haereticae
482 3679 630 3755 pravitatis
651 3681 877 3759 inquisitoribus,
901 3694 931 3742 ut
959 3681 1185 3742 contradictores
1201 3692 1228 3740 et

217 3753 341 3850 rebelles
355 3777 535 3840 quoscunque
554 3784 607 3842 per
624 3784 758 3826 censuras
777 3779 807 3828 et
823 3788 931 3848 poenes
948 3769 1103 3848 praefatas,
1123 3768 1232 3847 aliaque
1301 3815 1302 3840 2

219 3836 289 3892 inrrs
307 3846 336 3936 et
352 3839 422 3898 facti
439 3845 579 3918 remedia,
602 3851 735 3910 invocato
754 3854 839 3912 etiam
857 3852 893 3915 ad
911 3855 982 3926 hoc,
1006 3857 1029 3914 si
1048 3874 1119 3933 opus
1136 3855 1225 3924 fuerit,

220 3915 330 3977 hrachn
347 3925 502 3985 saecularis
519 3932 635 4003 auxilio,
655 3939 768 3996 omnino
787 3950 943 4001 coerceant
961 3950 991 3999 et
1008 3939 1187 4018 compellant
