2654 4334
249 235 332 294 m
439 231 837 288 Δ(ἴθΝδΉἸῚΙΤΙΟῙῚΕἏδ
850 232 1093 299 aurluuau.

117 421 125 436 ,
176 447 185 458 ί
250 372 327 433 modi
347 375 385 432 eo'
402 383 588 453 prosperetur
605 372 733 440 reticius,
762 393 816 452 quo
845 371 995 452 deinceps(
1004 372 1115 451 indago
1125 373 1262 435 sollertior

250 459 415 537 diligentius
430 469 460 517 et
474 460 587 518 cautius
600 455 783 519 adhibeaturr
802 460 949 518 statuimus
964 470 994 518 et
1008 457 1181 538 ordinamus,
1199 458 1263 537 qnod

249 544 288 604 de
308 555 407 604 cetero
427 545 574 624 perpetuis
591 543 693 604 futuris
716 543 892 622 temporibus
914 544 1006 604 nullus
1029 543 1134 604 librum
1156 545 1263 623 aliquem

251 646 302 690 sen
321 631 405 708 aliam
424 649 619 709 quamcunque
642 629 811 708 scripturam
839 640 896 689 mm
920 629 948 688 in
972 629 1050 690 Urbe
1073 640 1174 690 nostra
1195 649 1263 708 quau
1294 677 1295 712 3

251 717 315 775 aliis
335 715 479 794 quibusvis
497 715 659 775 civitatibus
674 725 704 774 et
718 713 900 794 dioecesibus
912 715 1075 794 imprimere
1092 734 1145 775 seu
1159 716 1263 793 impu-t
1294 725 1295 778 l

251 803 350 860 lacere
369 811 541 880 praesumat,
554 801 619 879 ¹nisi
637 801 718 880 prins
734 801 762 860 in
781 798 858 859 Urbe
877 819 931 879 per
946 801 1085 862 vicarium
1105 810 1226 862 nostrum
1241 809 1264 858 ct
1294 801 1295 830 ³

251 887 328 964 sacri
346 886 445 965 palatii
464 887 643 964 magistrum,
671 887 707 945 in'
722 886 786 944 aliis
808 905 878 946 vero
903 885 1064 947 civitatibus
1088 895 1122 945 et
1138 885 1264 948 dioecesi·
1294 883 1295 932 ἶ

251 971 304 1030 bus
322 989 376 1050 per
393 973 569 1050 episcopum,
588 972 634 1030 vel
652 972 737 1030 alium
755 971 907 1032 habentem
925 973 1056 1050 peritiam
1075 973 1222 1041 scientiae,
1238 971 1263 1028 li·
1294 993 1295 1050 q

253 1055 296 1116 bri
315 1064 366 1114 seu
385 1057 545 1136 scripturae
563 1055 724 1117 huiusmodi
742 1055 945 1135 imprimendae
964 1057 1000 1120 ub
1019 1055 1124 1118 eodem
1144 1058 1264 1136 episcopo
1294 1055 1295 1092 l

252 1140 289 1200 ad
308 1139 337 1198 id
356 1139 561 1220 deputandum,
589 1161 623 1201 ac
645 1143 842 1222 inquisitorem
861 1142 1025 1203 baereticae
1044 1143 1194 1221 pravitatis
1211 1141 1265 1198 ciri·
1294 1163 1295 1200 l

252 1227 319 1286 tatis
337 1227 396 1286 sive
420 1224 578 1300 dioecesis,
605 1229 634 1286 in
661 1227 761 1308 quibus
788 1227 925 1288 librorum
948 1229 1098 1306 impressio
1122 1222 1265 1290 tniuscoti
1294 1225 1295 1298 l

252 1312 347 1383 lieret,
374 1310 543 1389 diligenter
557 1314 764 1384 examinentur,
792 1323 824 1372 et
848 1332 901 1392 per
928 1325 1026 1373 eorum
1047 1333 1141 1376 manu
1167 1312 1265 1392 proprio

252 1397 502 1477 subscriptionem,
522 1398 573 1458 sub
587 1399 892 1458 excommunicationis
907 1400 1051 1460 sententio.
1062 1400 1157 1476 gnatis
1174 1409 1202 1460 et
1216 1401 1264 1462 siue

252 1481 394 1543 dilatione
417 1481 630 1561 imponendam,
654 1483 859 1562 approbentur.
905 1483 958 1556 Qui
982 1493 1074 1546 autem
1096 1504 1181 1544 secus
1198 1499 1265 1560 prae·

170 1594 181 1608 x
254 1569 419 1646 sumpserit,
439 1569 513 1628 ultra
532 1568 669 1628 librorum
687 1570 888 1648 impressorum
907 1571 1100 1641 amissionem,
1125 1581 1155 1631 et
1171 1569 1262 1630 illorum

252 1652 396 1732 publicam
416 1653 655 1735 combustionem,
679 1674 714 1715 ac
734 1664 845 1715 eentum
870 1652 1037 1718 ducatorum
1056 1655 1187 1718 fabricae
1203 1651 1264 1732 prin·

254 1739 327 1818 cipis
354 1736 559 1818 Apostolorum
588 1737 623 1820 de
643 1739 721 1800 Urbe
744 1742 813 1821 sine
828 1759 887 1822 spe.
906 1741 1081 1802 remissionis
1102 1740 1262 1804 solutionem,

254 1843 289 1884 ac
308 1826 374 1882 anni
394 1826 522 1884 continui
540 1827 673 1886 exercitii
689 1827 890 1906 impressionis
907 1827 1139 1905 suspensionem,
1167 1841 1262 1884 excom·

201 1921 242 1963 ³²⁹
254 1910 616 1992 municationis..seutentia
633 1908 785 1972 innodatus
804 1913 932 1983 exsistat,
955 1931 991 1970 ac
1015 1909 1129 1974 demum
1152 1913 1262 1986 ingrate·

254 2006 354 2074 scente
382 1998 564 2056 contumacia
580 1997 680 2056 taliter
700 2015 753 2075 per
779 1997 943 2075 episcopum
971 2016 1050 2056 suum
1075 1998 1124 2062 uel
1147 1993 1260 2054 vicarium

254 2093 382 2141 nostrum
402 2083 564 2160 respective
582 2101 636 2161 per
654 2083 747 2141 omnia
771 2082 840 2140 iuris
858 2080 986 2144 remedia
1005 2083 1179 2164 castigetur,
1204 2072 1260 2157 quod
1294 2095 1295 2128 t

253 2167 304 2226 alii
322 2169 383 2226 eius
402 2167 534 2246 exemplo
553 2169 655 2227 similia
673 2168 787 2228 minime
810 2177 963 2230 attentare,
976 2179 1168 2246 praesumant.
1200 2160 1260 2224 Nulli
1294 2159 1295 2224 l

254 2269 327 2329 ergo
346 2263 403 2311 etc.
441 2251 473 2311 Si
492 2254 553 2331 quis
572 2263 666 2312 antem
684 2263 741 2312 etc.
778 2251 882 2314 Datum
900 2251 1009 2316 Romae
1026 2255 1055 2312 in
1074 2254 1188 2332 publica
1203 2246 1260 2308 basi·
1294 2239 1295 2296 l

254 2337 313 2396 lica
330 2338 489 2398 solenniter
512 2337 658 2398 celebrata
680 2357 754 2398 unno
778 2335 987 2399 incarnationis
1006 2336 1169 2401 dominicae
1189 2336 1259 2398 1515.

252 2429 287 2484 4.
308 2421 388 2492 Maii,
408 2421 513 2484 Pontii.
533 2424 624 2482 nostri
642 2442 717 2480 anno
736 2424 836 2483 tertio.

667 2590 805 2654 8thth
824 2592 874 2656 lv.

254 2695 296 2742 Ex
306 2694 350 2743 lib.
360 2695 402 2740 ttt.
411 2673 644 2755 Extreuagautium
655 2697 836 2758 communium,
852 2698 893 2747 tit.
902 2695 959 2746 Xlt.
973 2697 1004 2745 de
1014 2675 1133 2757 ¹reliquiis
1141 2699 1167 2746 et
1174 2702 1260 2743 renem·

614 2765 684 2814 tione
694 2768 852 2826 sanctorum,
866 2771 889 2812 n.
900 2769 924 2816 1.

373 2837 378 2844 ’
455 2843 463 2848 ’
563 2842 637 2897 (Scan.
646 2843 677 2887 V.
687 2844 776 2888 decret.
786 2844 815 2887 da
825 2856 891 2900 pecc.
901 2844 972 2898 orig.)

342 2935 430 3008 Quum
446 2935 634 3014 praeexcelsa
650 2936 815 2995 meritorum
829 2935 961 3014 insignia,
981 2931 1081 3015 quibus
1095 2937 1192 3014 regina
1208 2944 1258 2988 cot·

255 3022 356 3092 lorum,
376 3019 467 3098 Virgo
483 3019 537 3080 Dei
550 3022 677 3099 genitrix
690 3021 827 3099 gloriosa,
848 3021 962 3092 sedibus
979 3022 1110 3100 praelata
1128 3013 1257 3080 aemonis

231 3133 236 3144 ·
255 3104 397 3164 sideribus
416 3107 496 3184 qnasi
514 3107 597 3167 stella
616 3108 751 3168 matutina
769 3108 950 3184 perrutilans,
963 3105 1096 3172 ,davone
1116 3099 1259 3195 considero·

254 3191 342 3248 tionis
361 3189 495 3269 indagine
515 3202 736 3271 perscrutamur,
756 3202 786 3250 et
804 3193 878 3251 infra
897 3193 1024 3272 pectoris
1038 3212 1145 3252 arcana
1157 3183 1258 3248 revolu·
1294 3231 1295 3270 3

254 3295 325 3348 mus,
354 3275 429 3356 quod
456 3278 528 3356 ipsa,
556 3286 656 3357 utpote
682 3278 729 3338 via
751 3276 981 3350 misericordiae,
1009 3289 1101 3338 meter
1122 3274 1222 3356 gratim
1237 3271 1258 3324 el
1294 3283 1295 3292 ¹

253 3363 370 3442 pietatis
384 3364 486 3434 amica,
510 3363 623 3424 bomani
637 3363 753 3440 generis
768 3359 953 3434 consolatrix,
972 3382 1025 3442 pro
1040 3364 1131 3427 salute
1145 3356 1256 3422 utetur,
1294 3419 1295 3446 ,

255 3447 492 3526 qni.delictornm
512 3467 601 3526 onere
619 3459 789 3526 parantur,
813 3446 912 3510 sedulo
931 3450 1090 3511 oratrixet
1105 3441 1217 3528 porrigit
1230 3429 1257 3492 td
1294 3461 1295 3532 q

255 3550 364 3610 regem,
384 3552 466 3611 quem
485 3537 593 3611 gennit,
612 3532 781 3595 intercedit:
804 3532 930 3612 dignum,
954 3535 1021 3613 quin
1038 3535 1134 3615 potius
1155 3527 1254 3621 lebiton
1294 3533 1295 3578 l

202 3635 244 3678 aso
255 3628 427 3695 reputamus,
447 3621 596 3682 universos
606 3618 712 3681 Christi
727 3616 837 3690 fideles,
857 3630 889 3678 ut
902 3621 1090 3699 omnipotenti
1100 3617 1170 3688 Deo,
1184 3617 1255 3688 (curus
1294 3627 1295 3698 q

255 3701 436 3779 providentia
454 3702 581 3764 eiusdem
590 3703 719 3782 Virginis
734 3704 921 3767 bumilitatem
935 3706 971 3766 ab
982 3716 1101 3772 aeterno
1111 3698 1253 3788 respicient
1294 3701 1295 3720 ¹

256 3805 310 3863 pro
328 3785 509 3846 concilianda
527 3790 709 3849 suo'auctori
732 3789 853 3848 bumana
871 3803 973 3853 natura
991 3791 1071 3870 lapsu
1089 3791 1169 3870 primi
1185 3785 1254 3844 boot·

256 3871 301 3928 uis
327 3880 464 3928 aeternae
491 3875 573 3934 morti
601 3875 735 3958 obuersis,
760 3893 830 3938 ,eam
857 3879 899 3936 sui
919 3873 1062 3956 Unigeniti
1090 3867 1255 3938 contuentur
1294 3891 1295 3910 ³
