2620 4332
220 293 384 354 CCCC-10
411 292 485 352 ΚΝ.
520 297 578 352 DE
605 249 951 354 constrictius-h,
1046 297 1098 357 ΙΙ

82 435 244 520 conceptam
262 459 300 500 cx
317 438 532 518 evangelicus!
550 440 744 513 absolutione,
774 459 828 520 quc
847 436 940 500 credit
957 439 1021 520 quis
1041 437 1098 500 citt

80 547 127 609 per
144 526 286 593 Christum
304 527 577 604 remissapecoato:
600 525 751 586 cuchema
767 527 814 586 sit.

158 612 230 671 Can.
248 611 284 670 V.
331 609 363 669 Si
382 610 446 694 quis
462 609 620 686 dixer-iti),
639 629 701 671 eam
720 612 937 684 contritionem,
956 627 1029 691 quac
1046 627 1098 691 pa*

76 708 151 757 ratur
167 717 224 777 per
241 697 459 768 discussionem,
488 697 689 756 coliectiouem
707 709 739 758 et
756 696 974 758 detestationem
992 715 1098 776 pecce-
1111 711 1151 754 tur

78 795 177 854 mrum,
208 803 263 863 qua
287 783 348 862 quis
370 783 515 860 recogitat
537 803 627 842 annos
648 802 715 843 suos
733 785 762 842 iu
780 781 968 846 amaritudine
987 783 1097 842 animno

78 889 139 930 suae
152 871 198 944 ²),
223 867 411 949 ponderando
429 879 615 945 peccatorum
633 888 748 928 suornm
766 871 950 949 gravitatem,
973 868 1099 928 multitu·

77 954 179 1027 dinem,
204 953 390 1026 foeditatem,
418 953 598 1013 amissionem
618 964 756 1014 aeternae
773 953 974 1027 beatitudiuis,
1001 965 1032 1013 et
1049 973 1100 1013 ac-

77 1051 170 1100 teruae
199 1039 392 1098 damnationis
418 1039 576 1111 incursum,
605 1057 668 1098 oum
693 1043 841 1120 proposito
867 1041 996 1100 melioris
1022 1040 1099 1100 vitae

77 1145 127 1184 nou
145 1143 211 1186 csse
231 1145 330 1186 verum
349 1134 381 1183 et
401 1124 499 1182 utilem
522 1123 666 1197 dolorem,
695 1145 749 1186 nec
773 1145 949 1208 praeparere
972 1124 1009 1185 ad
1032 1143 1098 1204 gra·

77 1213 151 1283 tiam,
180 1209 234 1270 scd
252 1212 352 1270 iacere
370 1209 513 1271 hominem
531 1210 711 1289 hypocritam
734 1222 764 1271 ct
786 1213 876 1290 magis
897 1221 1097 1291 peccatorem,

77 1297 181 1356 demum
200 1297 280 1357 iiiam
299 1298 363 1356 esse
381 1293 512 1354 dolorem
531 1305 678 1369 coactum,
697 1306 728 1356 ot
745 1317 802 1356 non
816 1296 935 1357 iihorum
950 1317 985 1356 uc
997 1296 1099 1357 volun·-

77 1385 186 1442 tarium:
212 1381 365 1441 anathema
383 1381 429 1438 sit.

156 1468 227 1526 Cas.
248 1465 300 1525 Vi.
345 1464 378 1526 Si
396 1465 459 1544 quis
476 1467 626 1544 negaverit
638 1467 683 1540 8),
707 1468 917 1542 confessionem
936 1485 1099 1527 sacromen-

79 1553 155 1612 tnicm
177 1553 226 1612 vei
251 1553 423 1622 institutam,
450 1551 496 1610 vat
519 1549 555 1609 ad
578 1551 698 1613 salutem
725 1555 918 1614 neoccsariam
945 1571 1009 1613 esse
1036 1555 1098 1612 iure
1203 1589 1206 1594 -

80 1637 181 1712 divino,
208 1648 262 1698 ant
284 1637 403 1708 dixerit,
431 1635 543 1698 modum
562 1647 677 1698 secreto
696 1637 852 1699 couhtendi
870 1639 925 1699 soii
942 1637 1098 1709 secerdoti,

80 1743 153 1802 quem
171 1724 305 1792 ecclesis
321 1722 465 1782 catholica
483 1723 518 1783 ah
537 1723 618 1781 initio
637 1742 751 1802 semper
769 1724 934 1784 observavit
950 1735 982 1784 et
999 1724 1100 1784 ohser-

80 1821 133 1881 vat,
159 1810 286 1868 alienum
311 1827 374 1868 esso
398 1807 433 1867 ah
457 1809 636 1866 institutione
659 1818 689 1866 et
707 1807 840 1869 mandato
859 1807 981 1882 Christi,
1009 1819 1040 1869 ot
1056 1795 1117 1894 iusi
1145 1815 1166 1858 α

80 1905 183 1955 uentum
203 1915 271 1956 osse
289 1895 453 1954 humanum:
476 1894 628 1952 anathema
645 1894 691 1952 sit.

156 1979 227 2040 Cum.
248 1977 314 2040 Vll.
360 1977 392 2038 st
410 1979 472 2058 quis
488 1977 646 2051 dixerint),
662 1979 693 2036 in
710 1989 889 2038 sacramento
903 1979 1099 2059 poeniteutiae
1142 1995 1149 2031 t

80 2064 112 2126 ad
127 2068 326 2126 remissionem
343 2074 529 2144 pcccatorum
549 2065 742 2123 necessarium
760 2083 817 2122 nou
835 2083 899 2124 esse
913 2065 976 2125 iure
992 2062 1099 2134 divino,

82 2153 204 2212 confiteri
224 2153 322 2211 omnia
340 2161 370 2210 et
387 2151 498 2227 singula
516 2159 638 2229 peccatu
656 2150 801 2220 mortalia,
826 2169 943 2229 quorum
962 2150 1101 2222 memorie

82 2257 137 2296 com
154 2236 256 2298 dehita
274 2248 305 2296 ct
322 2235 453 2314 diiigcuti
475 2234 734 2314 praemeditatione
757 2235 910 2309 hahentur,
939 2237 1025 2296 otium
1049 2255 1100 2296 oe·

83 2323 161 2395 cdta,
189 2335 221 2384 et
245 2342 318 2402 quac
341 2331 407 2382 suut
425 2330 527 2380 contra
544 2319 600 2378 duo
619 2321 717 2380 ultima
735 2321 868 2400 decalogi
887 2319 1099 2404 praeceptat),

83 2419 108 2468 et
123 2409 365 2480 circumstantius,
385 2425 456 2486 quoe
474 2406 589 2486 peccati
603 2409 728 2486 speciem
742 2418 866 2482 mutant,
885 2407 937 2468 sod
952 2427 1014 2470 earn
1029 2427 1099 2469 con·

84 2493 228 2553 fossionem
247 2504 356 2554 tontum
375 2511 439 2551 csso
458 2493 555 2551 utilem
574 2491 610 2551 ad
633 2492 819 2554 erudiendum
842 2504 873 2553 et
895 2494 1099 2556 consolandum

84 2582 284 2656 poenitentem,
304 2587 334 2639 'et
353 2578 419 2640 oiim
439 2577 619 2638 observatam
636 2579 725 2639 fuisse
745 2589 852 2638 tantum
870 2579 907 2639 ud
925 2581 1119 2662 satisfactio,

84 2684 139 2724 uem
165 2667 335 2727 canonicam
363 2661 577 2742 imponendam
610 2674 659 2722 aut
686 2663 805 2735 dixerit,
838 2685 902 2738 eos,
932 2668 979 2746 qui
1006 2663 1119 2729 omuie',

84 2762 195 2826 peccota
212 2752 348 2814 confiteri
365 2747 494 2819 student,
522 2750 592 2808 nihil
610 2751 772 2828 relinquere
790 2750 864 2810 vciie
884 2751 997 2811 divinae
1015 2753 1119 2828 mise-j

84 2835 220 2898 ricordiae
239 2833 460 2915 ignoscendum
480 2845 530 2894 aut
547 2834 672 2908 demum,
695 2857 752 2895 nou
771 2839 860 2897 licere
880 2839 1012 2897 confiteri
1030 2857 1120 2916 poc-1

83 2931 141 2980 catu
156 2922 298 2985 venialia:
323 2920 474 2984 aramenus
491 2923 537 2980 sit.
1201 2991 1203 2996 Ι

140 3007 231 3068 'Csrc
250 3007 330 3068 vill.
377 3005 409 3066 Si
441 3007 502 3085 quis
534 3005 641 3066 dixerit
652 3007 697 3080 ⁶),
734 3007 943 3067 confessionem
976 3009 1099 3067 omnium

85 3104 275 3165 pcccatorum,
305 3092 416 3171 qualem
442 3093 569 3152 ecclesia
596 3101 706 3164 servat,
734 3111 797 3154 esse
825 3094 1043 3172 impossibilem,
1071 3106 1154 3154 ctum

86 3174 258 3239 traditionem
276 3179 425 3239 humanam
444 3178 530 3256 aptis
543 3177 727 3252 ahoiondam3
746 3189 796 3238 aut
809 3178 845 3238 ad
859 3199 921 3239 eam
936 3200 993 3239 nou
1008 3184 1101 3241 teucri

85 3279 174 3322 omues
192 3273 223 3322 et
240 3263 368 3340 singulos
385 3264 532 3342 utriusque
550 3283 635 3325 sexus
654 3263 759 3324 Christi
782 3264 883 3326 fideles
904 3267 984 3324 iuxta
1005 3268 1121 3344 magnit

84 3348 194 3408 concilii
212 3346 415 3410 Laterauensis
434 3351 667 3432 constitutionem
681 3350 709 3426 ἵ)
729 3353 819 3411 semei
840 3353 868 3409 iu
892 3370 981 3421 auno,
1010 3363 1041 3412 ot
1063 3351 1099 3410 oh

86 3427 112 3485 id
128 3431 300 3494 suadendum
318 3453 382 3494 esse
401 3433 507 3494 Christi
527 3434 670 3508 fidelihus,
695 3448 726 3495 nt
744 3457 800 3496 nou
819 3435 1011 3497 confiteantur
1028 3447 1102 3498 wm-

87 3532 150 3590 pore
168 3518 425 3598 Quadrugcaimce=
448 3521 600 3582 anathema
617 3521 662 3581 sit.

165 3603 234 3667 Css.
253 3605 303 3668 tx.
350 3605 462 3693 Siquis
486 3606 592 3667 dixerit
605 3609 649 3681 ⁸),
676 3608 883 3668 ahsolutionem
906 3621 1101 3670 sacromentu-

91 3741 280 3761 ’.Ψ-...ιι-

135 3817 209 3865 sm.
227 3821 293 3868 xiv.
321 3823 384 3877 nes.
399 3826 430 3868 tu.
441 3829 492 3870 er.
510 3850 536 3860 -
561 3829 584 3881 a)
598 3811 797 3872 nhxxxunu.
808 3830 841 3871 rs.
858 3851 885 3863 -
909 3831 933 3884 s)
947 3828 979 3876 er.
993 3843 1057 3885 ιιῳι.
1072 3830 1101 3874 «ιο

105 3878 151 3912 ton
161 3885 181 3916 e.
190 3876 210 3917 5.
223 3896 248 3908 -
269 3878 291 3929 t>
301 3875 333 3920 ci.
343 3889 371 3920 cn
388 3907 394 3920 .
405 3877 445 3922 cit.
459 3899 486 3912 -·
507 3882 528 3930 t)
536 3877 609 3924 naue
618 3878 647 3922 V.
656 3881 690 3924 nt,
703 3901 729 3914 -·
750 3881 772 3932 o)
783 3879 814 3924 ct.
823 3893 886 3937 uuor.
897 3879 927 3926 do
937 3894 1006 3938 poen.
1016 3895 1037 3926 e.
1046 3884 1068 3927 h.
1076 3904 1094 3916 -

91 3875 357 4032 didihhdi'vaiinmi)
368 3931 467 4037 ‘kam
474 3929 732 4039 idd‘dddffi‘dndddx
740 3937 788 3978 snt.
798 3932 849 3976 iuro
858 3934 974 3992 desumpt.
982 3946 1027 3991 por
1036 3945 1102 3978 cous.
1145 4002 1147 4008 Ι

900 4038 940 4098 6*
