2652 4330
270 2 276 35 l

211 243 376 300 sessio
403 241 478 298 xlv.
512 244 572 302 DE
597 245 949 306 l’tlllldl'l'flld'dlda¹
1053 249 1100 308 Π

75 403 122 465 per
137 394 320 464 spontaneam
340 385 551 448 confessionem
570 387 729 466 cuicunque
753 388 868 447 iactam.
906 385 1001 449 Docet
1024 378 1101 470 qno-¹

78 491 136 550 pue,
154 471 239 530 etiam
258 469 441 542 sacerdotes,
462 473 509 551 qui
527 482 651 550 paccata
669 473 785 533 mortali
803 484 945 545 tenentur,
965 494 1020 554 per
1035 476 1096 534 vie,
1108 487 1148 531 tan

76 567 152 616 tutem
183 553 308 636 Spiritus
340 559 433 616 sancti
447 559 475 631 ¹)
509 559 538 616 in
570 555 753 619 ordinatione
790 559 923 618 collatam
958 571 1092 640 unquam

77 642 169 702 Christi
201 643 347 702 ministros
380 642 556 704 fonctionem
589 643 754 704 remittendi
786 655 921 724 peccata¹
939 663 1094 718 exercere,

75 745 168 807 eosque
186 747 276 807 prave
294 729 417 799 sentire,
440 730 488 807 qui
506 731 536 788 in
554 728 636 788 malis
653 727 854 789 sacerdotibus
872 730 950 790 hanc·
964 741 1093 811 potesta-
1106 735 1144 832 lp

76 823 122 872 tem
138 833 193 872 non
212 832 278 874 esse
297 813 485 874 contendunt.
514 814 647 888 Quamvis
665 823 760 874 anum
773 815 916 876 absolutio
931 815 1093 878 sacerdotis

75 898 149 957 alieni
169 898 305 959 beneficii
328 901 366 960 sit
387 897 578 979 dispensatio,
607 911 702 960 tamen
726 920 783 960 non
806 911 852 960 est
873 901 963 960 solum
987 900 1090 962 nudum

75 984 245 1044 ministerium
274 985 320 1043 vel
347 984 539 1045 annunciandi
562 985 756 1063 evangelium,
783 986 831 1046 vel
853 984 1021 1046 declarandi
1044 1006 1091 1048 re·

74 1069 146 1128 missa
163 1088 226 1128 esse
245 1080 382 1149 peccata:
402 1069 453 1130 sed
472 1069 508 1129 ad
528 1073 619 1132 instar
640 1081 722 1130 actos
744 1069 889 1132 iudicialis
901 1073 945 1145 ²),
975 1091 1030 1151 qno
1053 1073 1090 1132 ab

74 1155 126 1231 ipso
146 1156 224 1214 velut
247 1175 264 1213 a
287 1154 383 1216 iudice
407 1157 549 1216 sententia
572 1157 788 1235 pronunciatur.
823 1156 919 1235 Atque
941 1155 1009 1216 ideo
1032 1177 1090 1216 non

72 1237 148 1299 delet
171 1243 323 1320 poenitens
351 1240 424 1300 adeo
452 1240 506 1301 sibi
534 1239 570 1300 de
597 1261 647 1300 sua
675 1242 763 1321 ipsius
790 1240 846 1301 lide
878 1240 1014 1313 blandiri,
1047 1253 1087 1313 at,

72 1325 169 1384 etiamsi
191 1326 268 1386 nulla
292 1326 333 1387 illi
356 1325 431 1407 adsit
453 1327 603 1398 contritio,
632 1335 681 1385 ant
703 1325 849 1387 sacerdoti
875 1329 984 1388 animos
1010 1328 1109 1440 seriop

74 1411 163 1486 agendi
181 1423 211 1471 et
227 1429 299 1472 vere
316 1411 485 1472 absolvendi
504 1411 588 1482 desit,
607 1421 689 1491 putet
707 1423 801 1474 mosen
820 1431 851 1472 se
869 1425 990 1493 proptor
1007 1433 1086 1472 suam

74 1497 149 1554 solam
171 1496 254 1556 fldem
278 1516 348 1558 vere
372 1508 521 1558 etcoram
544 1495 694 1558 Decesse
718 1498 887 1558 absolutum.
924 1498 988 1558 Nec
1011 1499 1086 1558 enim
1139 1511 1145 1548 ἒ

74 1565 144 1641 ddes'
153 1570 414 1662 side'p'oaoitentia
433 1585 630 1644 remissionem
648 1582 733 1644 ullum
752 1595 937 1663 peccatorum
956 1595 1087 1663 praesta·

73 1675 122 1736 ret,
139 1687 188 1728 nec
206 1670 231 1728 is
249 1679 330 1729 esset
347 1670 401 1728 nisi
419 1669 519 1728 salutis
537 1688 605 1730 suae
622 1671 898 1748 negligentissimus,
922 1671 969 1748 qui
987 1686 1086 1729 saeer-

75 1748 154 1812 dotem
171 1756 236 1815 ioco
255 1773 289 1814 se
307 1753 503 1815 absolventem
526 1767 734 1833 cognosceret,
761 1765 793 1815 ct
819 1775 875 1815 non
898 1756 982 1815 alium
1006 1756 1084 1816 aerio

75 1849 188 1912 agentem
206 1839 309 1900 sedulo
328 1842 500 1920 requireret.

317 1997 344 2044 c.
365 1997 416 2044 vu.
455 1995 495 2042 ne
513 2008 619 2044 casuum
637 1998 822 2045 reservatione.

145 2096 281 2170 Quoniam
299 2099 388 2176 igitur
405 2109 506 2158 natura
524 2109 553 2158 et
572 2100 645 2158 ratio
665 2097 764 2159 indicii
787 2098 856 2158 illud
880 2100 1024 2178 exposuit,
1052 2109 1084 2158 ut

74 2185 197 2243 mutantia
219 2186 247 2244 in
273 2183 402 2244 subditos
424 2181 562 2244 dunmxat
584 2186 708 2256 feratur,
736 2205 900 2265 persuasum
923 2205 1038 2265 semper
1054 2187 1082 2244 in

75 2267 182 2328 ecclesia
198 2268 253 2330 Dci
273 2271 341 2341 init,
360 2281 391 2330 et
408 2272 583 2330 verissimum
603 2289 667 2330 csse
686 2271 812 2351 synodus
830 2271 903 2331 haec
923 2272 1082 2344 confirmat,

75 2351 161 2414 nullius
177 2357 313 2416 momenti
332 2355 539 2416 ahsolutionem
558 2375 620 2416 eam
640 2374 703 2416 esse
727 2356 851 2428 debere,
880 2375 961 2436 quam
985 2377 1083 2417 sacor—
1125 2393 1131 2404 ,

76 2431 117 2495 dos
128 2439 153 2498 in
167 2459 228 2502 enm
243 2443 365 2522 profert,
385 2443 414 2501 in
433 2462 515 2522 mern
535 2441 708 2502 ordinariam
726 2453 775 2502 aut
793 2440 1007 2521 subdelegatam
1025 2463 1095 2516 non

75 2517 147 2583 halet
162 2515 386 2590 iurisdictionem
400 2529 439 2596 ³).
472 2527 650 2608 Magnoperc
667 2547 738 2587 vero
757 2527 793 2588 ad
813 2528 967 2588 Christiani
985 2530 1081 2608 populi

76 2602 232 2689 disciplinam
246 2615 394 2694 pertinere
408 2615 595 2674 sanctissimis
609 2614 740 2674 Patribus
748 2617 777 2690 ⁴)
797 2616 902 2674 nostris
919 2616 1008 2673 visum
1028 2625 1081 2686 est,

76 2700 100 2748 tt
117 2700 255 2760 atrociora
280 2699 418 2779 quaedam
441 2709 472 2759 ct
493 2701 627 2779 graviora
655 2702 774 2760 crimina
800 2719 902 2782 nona
929 2699 1080 2779 quibusvis,

76 2775 116 2838 ted
131 2801 146 2840 a
162 2788 274 2846 summis
292 2785 430 2846 duntaxat
447 2786 646 2846 sacerdotibus
665 2786 896 2856 absolverentur,
924 2784 998 2844 unde
1022 2806 1081 2845 me·

76 2863 120 2922 rito
135 2865 287 2932 Pontifices
305 2873 419 2933 maximi
438 2891 489 2951 pro
508 2891 640 2951 suprema
657 2882 802 2951 potestate
825 2871 879 2930 sibi
902 2871 931 2928 in
956 2871 1081 2929 ecclesia
1096 2879 1136 2920 ¹1³

76 2950 189 3015 universa
205 2957 312 3018 tradita
331 2977 431 3019 causas
450 2958 559 3038 aliquas
578 2959 724 3017 criminum
743 2959 891 3034 graviores
910 2975 961 3014 soc
979 2965 1083 3034 potue·

76 3046 129 3096 runt
144 3042 278 3117 peculiari
297 3040 403 3104 iudicio
421 3063 572 3104 reservare
587 3046 626 3117 ⁵).
670 3041 773 3120 Neque
792 3040 974 3101 dubitandum
994 3052 1081 3112 esset,

77 3124 171 3194 quando
189 3131 296 3202 omnia,
324 3147 396 3209 quae
415 3149 432 3190 a
450 3127 513 3190 Deo
532 3139 596 3188 sunt
608 3129 652 3202 ὅ),
681 3126 812 3187 ordinata
830 3137 908 3197 sunt,
937 3127 1002 3206 quio
1026 3127 1082 3188 lios

76 3202 136 3266 idem
153 3216 293 3294 episcopis
312 3217 441 3276 omnibus
458 3217 488 3274 in
507 3234 557 3274 sua
576 3215 678 3293 cuique
698 3212 879 3287 dioecesil),
897 3214 926 3271 in
946 3211 1085 3273 aedifica·

77 3289 166 3356 tionem
179 3309 282 3373 umen,
301 3322 357 3362 non
373 3304 400 3361 in
415 3301 638 3362 destructionem
653 3301 741 3360 liceat
758 3321 811 3380 pro
831 3300 887 3360 illis
906 3301 934 3356 in
953 3296 1082 3358 subditos

77 3377 166 3440 tradita
183 3405 265 3465 supra
283 3389 410 3468 reliquos
428 3387 582 3447 inferiores
600 3385 768 3446 sacerdotes
787 3386 973 3454 anctoritate,
998 3403 1083 3463 prae·

77 3466 158 3525 sertim
176 3471 266 3548 quoad
284 3475 346 3544 illa,
375 3473 476 3553 quibos
498 3473 803 3533 excommunicationis
826 3489 948 3530 censura
971 3489 1083 3530 annexa

78 3569 268 3594 κῇ..-

119 3609 188 3661 Sese.
197 3617 262 3665 xlv.
281 3627 301 3674 1)
312 3621 343 3665 ci.
355 3625 400 3665 c.8.
412 3619 517 3665 milix.
529 3622 619 3672 (Amant.
630 3621 662 3666 ΙΙ,
684 3645 708 3655 -
717 3625 739 3674 2)
751 3621 781 3665 cf.
791 3619 846 3664 intr.
857 3621 885 3664 de
895 3635 964 3678 poen.
975 3622 1084 3665 cans.-

77 3658 94 3709 ³l
106 3667 149 3708 Η.
163 3669 189 3712 de
203 3675 289 3726 poenit.
305 3675 329 3716 in
338 3673 398 3716 vnto
409 3675 437 3717 V.
449 3678 481 3717 to.
492 3673 578 3725 (oanis.
589 3623 674 3727 vttti
687 3697 712 3707 -
729 3677 753 3726 l)
767 3672 798 3715 cf.
814 3686 835 3715 a.
849 3685 883 3726 gr.
898 3687 918 3716 s.
928 3675 961 3716 52.
977 3671 1003 3716 0.
1013 3669 1082 3714 xvl.

79 3718 256 3834 tetulisse?
266 3725 460 3830 resciatis
470 3723 850 3820 21¹afsslatslttsaa
859 3723 973 3826 ,teau
989 3736 1038 3830 si:
1047 3725 1082 3816 ll:

78 3811 139 3861 Μ).
148 3821 193 3876 nlul
214 3826 267 3875 lem.
275 3829 322 3872 111.
344 3842 363 3872 e.
373 3831 406 3872 32
417 3830 447 3872 ils.
459 3828 548 3881 (lanae.
559 3827 617 3880 Ill.)
627 3842 647 3870 c.
658 3831 690 3870 11.
701 3825 723 3870 t.
734 3833 752 3872 t.
761 3827 786 3870 in
795 3826 855 3870 Vltc
866 3827 893 3870 V.
905 3831 936 3869 tl.
947 3827 1029 3880 (Grag.
1040 3827 1082 3876 Χ.)

80 3867 131 3910 Μῦ·
143 3873 267 3968 ibidssmff'
278 3879 322 3924 vlt
340 3885 355 3934 .)
371 3895 391 3926 e.
401 3885 420 3924 t.
435 3880 457 3924 lu.
472 3883 489 3923 t.
505 3881 529 3922 in
538 3879 606 3922 llxtr.
621 3891 701 3922 comm.
711 3879 741 3924 V.
751 3883 783 3922 tu.
794 3878 881 3931 (Bonis.
892 3879 970 3934 vlit.)
981 3884 1005 3921 et
1014 3877 1046 3920 al.
1057 3901 1083 3912 -·

79 3914 97 3964 s)
105 3913 162 3976 Rom,
192 3927 235 3974 nu.
246 3935 264 3976 t.
274 3957 299 3968 -
317 3935 338 3989 tp
349 3932 379 3980 et.
390 3932 454 3978 sess.
465 3929 557 3977 xxlv.
569 3931 596 3978 te
607 3929 651 3975 ret.
661 3943 681 3974 e·
691 3931 714 3974 t«
