2652 4330
121 259 125 266 ·
179 229 323 285 sessio
340 228 393 284 tv.
416 229 471 282 DE
488 228 601 283 uot‘u.
618 229 672 282 ET
691 227 769 284 USU
787 227 841 284 SS.
860 225 969 282 LlBR.
1038 235 1085 292 1!

66 375 202 444 declarat,
221 383 252 432 ut
269 373 341 432 baec'
360 375 423 452 ipsa
439 381 522 433 vetus
540 385 571 433 et
583 373 825 458 ngatflditio,
844 393 917 454 quae
936 375 1023 453 longo
1042 385 1086 434 tot
1117 383 1137 472 pp

66 459 238 520 saeculorum
255 478 307 518 usn
325 459 355 517 in
372 459 435 537 ipsa
452 459 579 518 ecelesia
595 458 719 537 probata
733 470 787 532 est,
806 461 835 518 in
848 459 969 540 puhlicis
984 459 1086 520 lectio-

69 545 154 616 nibus,
182 542 436 622 disputationibus,
459 541 723 622 praedicationibus
742 554 772 604 ct
789 545 1015 624 expositionibus
1033 564 1086 624 pro

67 630 224 689 authentica
241 628 396 700 habeatur,
424 638 455 688 et
476 639 507 688 ut
526 646 613 688 nemo
636 629 713 688 illam
736 630 862 690 reiicere
885 632 985 709 quovis
1003 647 1088 708 prae·
1164 629 1168 638 '

69 725 140 775 textu
156 712 263 774 audeat
280 714 326 774 vel
343 725 517 792 praesumat.

143 797 300 859 Praeterea
323 797 359 858 ad
383 797 549 859 coercenda
570 799 728 878 petulantia
751 800 867 878 ingenia
885 797 1031 870 decernit,
1058 810 1091 858 ut

67 904 156 956 nemo,
184 903 255 944 suae
276 882 444 964 prudentiae
468 885 594 956 innixus,
622 886 651 943 in
674 884 759 944 rebus
782 883 850 944 lidci
871 895 903 943 et
924 903 1034 944 morum
1053 882 1090 944 ad

68 967 291 1029 aedificationem
327 966 478 1030 doetrinae
510 969 690 1029 Christianae
722 971 939 1048 pertinentium,
976 987 1089 1028 sacram

67 1057 228 1134 scripturam
249 1053 286 1114 ad
303 1063 371 1113 suos
389 1073 489 1114 sensus
504 1064 698 1134 contorquens
712 1057 751 1128 ¹),
771 1065 873 1114 contra
886 1074 951 1114 enm
965 1067 1125 1125 sensum,aa

68 1159 142 1218 quem
161 1141 254 1200 tenuit
271 1150 303 1198 et
319 1149 400 1198 tenet
417 1140 786 1221 QQQQLQ
802 1142 883 1200 cuius
901 1150 947 1200 est
959 1138 1089 1200 iudicare
1108 1159 1123 1212 ῃ

68 1224 100 1283 de
116 1244 182 1284 vero
201 1243 289 1285 sensu
307 1235 340 1284 et
356 1225 597 1304 interpretatione
615 1225 821 1304 scripturarum
839 1235 1017 1296 sanctarum,
1041 1233 1091 1282 ant

68 1311 145 1370 etiam
167 1321 272 1370 contra
294 1310 454 1368 unanimem
477 1328 646 1370 consensum
670 1308 785 1370 Patrum
808 1311 897 1389 ipsam
920 1311 1090 1388 scripturam

69 1414 171 1455 sacram
189 1395 378 1473 interpretari
395 1393 510 1466 audeat,
529 1396 641 1454 etiamsi
659 1394 820 1456 huiusmodi
834 1396 1091 1474 interpretationes

70 1481 138 1538 nullo
154 1500 278 1560 unquam
296 1491 427 1558 tempore
445 1481 474 1538 in
493 1481 586 1540 lucem
604 1479 735 1540 edendae
753 1481 859 1540 iurent.
901 1479 956 1554 Qui
975 1490 1091 1539 conma-

71 1567 193 1624 venerint
208 1584 265 1645 per
281 1563 444 1624 ordinarios
463 1563 660 1638 declarentur,
688 1576 719 1625 et
740 1567 842 1645 poenis
860 1585 878 1624 a
895 1569 958 1624 iure
976 1566 1091 1624 statutis

69 1653 219 1728 puniantur.

147 1733 205 1795 Sed
230 1745 261 1795 et
282 1736 501 1814 impressoribus
523 1734 636 1795 modum
660 1737 689 1795 in
711 1735 766 1796 bac
788 1746 885 1815 parte,
913 1746 945 1795 ut
965 1755 1019 1815 par
1036 1745 1091 1806 est,

70 1822 208 1899 imponere
230 1820 344 1892 volens,
373 1840 420 1900 qun
443 1823 499 1880 iam
518 1823 579 1880 aine
598 1820 698 1892 modo,
726 1822 782 1881 hoe
801 1832 858 1893 est,
885 1831 1018 1900 putantes
1037 1820 1091 1879 sihi

72 1905 155 1965 licere
177 1903 311 1984 quicquid
334 1905 417 1979 libet,
450 1908 512 1966 sine
536 1906 653 1966 licentia
675 1907 854 1985 superiorum
876 1905 1092 1965 eeclesiastico·

71 2010 125 2049 rum
143 1993 220 2070 ipsos
239 2009 340 2050 sacrae
358 1993 518 2070 scripturae
537 1990 640 2062 libros,
664 2001 694 2050 et
711 2009 798 2069 super
815 1990 873 2050 illis
890 1991 1092 2049 annotationes

72 2085 98 2133 et
113 2076 308 2154 expositiones
327 2076 523 2156 quorumlibet
536 2073 750 2148 indifferenter,
773 2094 861 2154 saepe
880 2076 985 2148 tacito,
1004 2091 1091 2153 saepe

73 2163 149 2220 etiam
167 2162 304 2222 ementito
323 2163 420 2240 prelo,
449 2171 491 2232 et,
516 2159 591 2240 quod
610 2162 725 2238 gravius
743 2171 801 2232 est,
828 2161 890 2220 sine
909 2162 1023 2221 nomine
1042 2180 1093 2221 au·

72 2248 152 2306 otonis
174 2247 351 2328 imprimunt,
379 2245 448 2305 alibi
470 2246 557 2305 etiam
580 2247 734 2325 impressos
757 2246 847 2306 libros
871 2245 1032 2306 huiusmodi
1049 2257 1094 2305 te·

74 2350 142 2390 mere
167 2331 286 2392 venales
312 2330 434 2402 babent,
461 2328 594 2391 decernit
621 2341 651 2391 et
671 2334 785 2403 statuit,
813 2341 844 2390 ut
865 2331 986 2410 posthae
1009 2349 1094 2391 sacra
1159 2391 1162 2396 ,

74 2419 218 2496 scriptura,
247 2416 423 2495 potissimum
445 2435 516 2476 vero
539 2415 612 2476 haee
630 2417 692 2494 ipsa
710 2427 792 2476 vetus
809 2425 841 2476 et
857 2416 974 2495 vulgata
992 2415 1092 2485 editio,

76 2519 149 2578 quam
166 2500 397 2562 emendatissime
416 2502 602 2580 imprimatur,
621 2501 746 2580 nullique
765 2501 853 2561 liceat
871 2503 1034 2580 imprimere
1047 2501 1094 2560 vel

75 2585 185 2664 imprimi
202 2589 304 2650 facere
323 2587 436 2665 quosvis
454 2587 544 2646 libros
562 2585 598 2646 do
617 2586 703 2646 rebus
721 2589 812 2646 sacris
830 2587 891 2645 sine
910 2587 1025 2645 nomine
1044 2605 1095 2644 au·

76 2673 167 2744 otonis,
186 2691 280 2750 neque
299 2672 363 2731 illos
382 2674 411 2730 in
429 2673 553 2731 futurum
571 2669 712 2744 vendere,
732 2673 884 2731 autetiam
903 2670 978 2751 apud
997 2690 1028 2730 se
1047 2689 1095 2729 re-

76 2755 166 2830 tinere,
185 2759 241 2817 nisi
259 2758 378 2836 primum
397 2758 550 2816 examinati
568 2757 738 2837 probatique
756 2757 864 2817 luerint
881 2757 917 2816 ab
937 2755 1094 2826 ordinario,

76 2839 120 2898 sub
140 2861 233 2920 poena
256 2843 446 2902 anathematis
468 2853 498 2902 ct
521 2844 663 2920 pecuniae
685 2843 714 2900 in
733 2861 844 2900 canone
863 2842 980 2901 concilii
998 2843 1095 2900 novis-

76 2925 130 2984 simi
147 2927 351 2988 Lateraueusis
369 2927 500 3006 apposita
512 2929 553 3000 2).
597 2925 649 2998 Et,
669 2928 693 2984 si
712 2927 860 3002 regulares
878 2927 999 2996 luerint,
1018 2925 1095 2984 ultra

77 3014 305 3072 examinationem
324 3024 355 3073 et
371 3011 571 3092 probationem
595 3007 755 3070 huiusmodi
779 3009 923 3067 licentiam
942 3027 1053 3087 quoquo
1076 3027 1095 3066 a

76 3096 127 3154 suis
143 3098 337 3178 superioribus
356 3097 511 3176 impetrare
531 3105 691 3166 teneantur,
710 3093 868 3172 recognitis
881 3113 935 3174 per
948 3113 999 3154 eos
1014 3093 1094 3154 libris

78 3179 147 3240 iuxta
167 3184 287 3243 formam
309 3201 422 3244 suarum
446 3179 666 3241 ordinationum.
717 3178 770 3254 Qui
793 3189 887 3239 autem
910 3180 1019 3257 scripto
1043 3199 1094 3240 eos
1153 3244 1159 3254 ¹

78 3270 278 3329 communicent
302 3270 349 3329 vel
376 3269 523 3347 evulgem,
552 3267 606 3325 nisi
631 3274 718 3325 antea
744 3266 897 3326 examinati
924 3263 1093 3346 probatique

79 3346 186 3425 luerint,
219 3351 328 3414 eisdem
350 3356 451 3434 poenis
473 3353 654 3424 subiaceant,
687 3350 787 3432 quibus
810 3352 1007 3430 impressores.
1056 3348 1096 3409 lut
1160 3383 1166 3400 ι

80 3436 120 3510 qui
137 3455 185 3498 eos
203 3439 355 3500 habuerint
372 3439 419 3500 vel
437 3440 575 3519 legerint,
598 3438 653 3498 nisi
671 3436 852 3517 prodiderint
869 3447 1017 3508 auctores,
1040 3455 1093 3516 pro

79 3523 233 3584 auctoribus
251 3525 419 3585 habeantur.
465 3525 530 3605 lpse
547 3543 617 3586 voro
634 3521 795 3583 huiusmodi
809 3521 945 3582 librorum
959 3521 1095 3602 probatio

80 3601 236 3689 inscriptis
259 3607 356 3683 detur,
383 3621 469 3690 atque
490 3608 557 3670 ideo
580 3611 610 3668 in
632 3609 727 3668 l'route
747 3608 825 3679 libri,
852 3610 899 3669 vel
925 3609 1025 3688 scripti
1048 3606 1128 3666 velta

80 3726 282 3750 Ἂ-
1104 3715 1112 3726 ,

110 3785 200 3876 ²Seru.
217 3789 260 3836 lv.
283 3793 337 3888 ipo.
346 3795 379 3836 21.
393 3791 419 3836 [¹.
428 3791 520 3859 XsslV.
551 3807 572 3836 u.
582 3795 602 3835 ³.
614 3793 730 3899 (iliorump
741 3797 766 3834 et
775 3806 795 3858 p.
805 3794 841 3838 89,
851 3793 870 3849 ᾗ,
881 3795 915 3838 το,
925 3793 976 3836 ωι,
986 3787 1093 3844 (Ῑιηοω

82 3839 302 3950 mreidgjssmzftdffl
311 3843 602 3940 goffg⁰¹fssis¹ifnlo¹vfm⁴
616 3845 676 3899 (Leo
686 3844 716 3888 Χ.
743 3853 768 3890 at
781 3847 836 3892 nnlr.
846 3851 909 3892 inter
918 3845 993 3888 comt.
1004 3851 1035 3883 ex
1044 3842 1092 3882 ant·

120 3964 196 4006 cono.
214 3971 342 4012 unnnanu.
905 3956 925 4012 2
