2654 4334
215 315 290 376 111
417 312 796 372 CONS‘l'lTUTl'lssNES
821 313 1072 378 ANTlQUAEs.

216 456 332 528 «lentes,
356 467 387 516 ut
404 457 434 516 ln
452 453 554 518 eadem
571 455 698 516 eeclesia
715 454 807 518 nullus
824 453 921 534 plures
939 451 1092 532 dignitates
1111 464 1161 514 aut
1177 473 1237 532 per·
1293 473 1294 516 T

217 551 335 604 sonatur
353 541 460 604 habere
478 552 651 622 praesumat,
669 542 756 604 etiam
773 539 799 602 ri
816 559 913 603 curam
928 539 1124 610 nonlnlneant
1137 540 1238 599 anina-

216 647 287 689 run.
325 627 410 688 Circa
427 627 564 690 sublimes
580 638 675 688 tamen
692 636 724 687 et
741 626 870 688 literana
887 643 1044 705 personas,
1064 644 1138 705 quac
1156 626 1239 684 nalo-
1294 679 1295 692 ,

216 712 296 774 rinus
313 713 463 774 beneflciis
481 723 546 772 sunt
562 710 758 785 honorandae,
782 731 865 792 quum
883 711 958 770 ratio
977 711 1177 791 postulaverit,
1194 729 1239 788 per

217 797 316 862 sedem
334 799 522 879 apostolica·
540 799 650 878 poterit
667 797 842 877 dispensari.

565 949 828 1012 INNOCENTIUS
852 943 905 1011 ΙΙΙ.

637 1053 696 1102 tota.
715 1067 770 1114 cap.
786 1055 826 1100 29.

531 1131 606 1185 (Sasu.
621 1131 677 1178 vu.
690 1133 720 1176 aa
730 1133 824 1176 relornr.
834 1144 886 1187 cap.
896 1134 926 1184 8.)

306 1221 401 1284 Gfffl
419 1223 503 1284 nimi!
520 1232 565 1286 etl
582 1233 612 1282 θῑ
630 1221 798 1294 absurdum,
827 1221 903 1302 quod
926 1219 1038 1301 quidem
1056 1223 1242 1285 ecclesiarum
1295 1183 1296 1250 l

216 1309 349 1388 praelati,
369 1329 453 1388 quum
467 1309 578 1388 possint
594 1309 673 1368 viros
689 1306 811 1368 idoneos
830 1307 865 1368 all
885 1307 1085 1370 ecclesiastica
1103 1307 1244 1370 tenetes

216 1413 398 1474 promovere,
417 1411 563 1455 neumare
576 1413 634 1452 non
647 1403 785 1454 verentur
798 1392 943 1472 indiguos.
956 1393 1058 1473 quibus
1071 1413 1128 1454 nec
1138 1413 1240 1454 morunt

216 1480 363 1552 honestas,
374 1499 428 1540 nec
439 1480 585 1540 literarum
599 1480 723 1540 scientia
736 1478 919 1558 suffragetur,
935 1480 1112 1541 carnalitatis
1126 1497 1241 1560 sequen-

216 1575 261 1626 tes
287 1563 436 1638 affectum,
464 1584 521 1624 non
548 1563 682 1624 iudicium
709 1565 844 1638 rationis3
876 1562 951 1627 unio
982 1575 1087 1644 quanta
1114 1565 1240 1626 ecelesiis

217 1650 321 1710 damna
338 1652 520 1730 proveniant,
540 1669 624 1710 nemo
643 1669 730 1711 sanae
749 1652 852 1712 mentis
869 1652 993 1729 ignoret.
1034 1648 1177 1712 Volentes
1193 1651 1241 1728 igi·
1296 1642 1297 1706 l

217 1745 265 1796 tur
278 1737 345 1795 huic
363 1737 465 1798 rnorlso
483 1735 604 1809 melori,
622 1737 824 1816 praecipimus,
844 1747 876 1796 ut
891 1737 1104 1816 praetermissis
1124 1735 1240 1813 indiguis

217 1819 340 1883 idoneos
357 1833 516 1894 assumant,
538 1823 586 1901 qui
604 1822 667 1884 Deo
690 1815 722 1882 et
741 1822 877 1882 ecclesiis
894 1823 983 1882 velint
1000 1832 1031 1882 et
1047 1821 1168 1884 valeant
1182 1840 1240 1899 gra·

216 1917 275 1966 tum
294 1906 461 1986 inpendere
480 1907 659 1980 famulatum,
682 1908 789 1986 liatque
811 1906 848 1968 ‹le
866 1908 923 1966 hoc
941 1909 970 1966 iu
987 1909 1161 1987 provinciali
1178 1925 1240 1966 con·

217 1993 287 2052 cillo
315 1991 438 2072 diligens
465 1993 610 2072 inquisitio
634 1995 777 2054 annuatim
800 1995 850 2064 ita,
878 2003 910 2052 ut
931 1994 979 2072 qui
997 2003 1063 2073 post
1079 1995 1198 2072 primam
1214 2000 1240 2049 et

217 2076 371 2137 secundam
391 2081 603 2138 correctionem
623 2079 710 2138 luerit
728 2089 859 2158 repertus
879 2078 1038 2160 culpabilis,
1061 2099 1077 2137 a
1096 2077 1239 2140 beneficiis

218 2161 403 2224 conferendis
421 2166 581 2244 peripsum
600 2165 753 2225 concilium
772 2163 977 2244 suspendatur,
1000 2166 1132 2224 instituta
1150 2167 1179 2225 in
1195 2181 1238 2222 eo·

216 2246 280 2308 dem
300 2250 431 2318 concilio
443 2269 569 2329 persona
586 2249 706 2329 provida
727 2262 759 2310 et
777 2250 911 2321 honesta,
940 2270 1013 2329 quae
1031 2253 1164 2330 suspensi
1181 2268 1238 2326 sup·

214 2333 294 2412 pleat
312 2332 455 2394 delectum
473 2337 503 2406 in
521 2335 671 2395 beneliciis
690 2336 883 2396 conferendis.
924 2335 961 2394 Et
983 2335 1038 2394 lsoc
1057 2337 1151 2416 ipsum
1168 2336 1237 2394 circa

148 2415 153 2419 ’
215 2420 351 2497 capitula,
379 2439 453 2499 qnae
480 2422 510 2478 in
536 2420 581 2479 his
607 2420 790 2499 deliquerint,
815 2423 992 2482 observetur.
1027 2417 1237 2501 Metropolitani

214 2521 285 2563 vero
304 2502 441 2563 delictum
459 2506 618 2582 superioris
640 2505 748 2566 iudicio
772 2507 950 2586 relinquatur
971 2526 1009 2566 cx
1026 2503 1109 2585 part‘e
1129 2502 1238 2567 concilii

215 2586 417 2646 nunciandum.
455 2586 492 2647 Ut
510 2599 604 2650 auten
622 2589 695 2650 llaec
713 2591 835 2653 salubris
853 2593 979 2672 provisio
997 2592 1161 2671 pleniorem
1176 2609 1237 2650 rou·

213 2683 351 2751 sequatur
377 2672 521 2746 ellectum,
550 2674 711 2736 huiusmodi
737 2679 931 2758 suspensionis
958 2679 1100 2742 sententia
1128 2687 1237 2760 praeter

214 2755 335 2818 Romani
349 2758 499 2820 Pontificis
513 2762 715 2824 auctoritatem
734 2773 784 2824 aut
800 2765 911 2844 proprii
929 2763 1111 2842 patriarchae
1130 2763 1235 2826 minine

133 2865 140 2880 ¹
214 2843 376 2916 relaxetur,
400 2856 432 2905 ut
454 2847 483 2905 iu
501 2846 557 2906 luoe
577 2866 690 2928 quoque
709 2861 831 2928 quatuor
847 2849 1057 2930 patriarchales
1075 2848 1163 2916 sedes
1178 2865 1236 2927 spe·

213 2930 332 2990 cialiter
349 2931 537 2994 honorentur.
1169 2945 1172 2948 '

278 3081 542 3145 INNOCENTIUS
563 3086 612 3147 lll.
632 3085 674 3146 IN
693 3086 873 3150 CONClLlO
892 3087 1180 3152 LATERANENSI.

247 3185 289 3233 Ex
304 3186 348 3235 lits.
365 3189 407 3236 tlt
426 3189 610 3248 verrentium,
628 3191 667 3238 tit.
681 3191 789 3239 XXXV.
803 3192 833 3240 tle
848 3194 918 3240 stetu
933 3194 1126 3258 monachorum,
1147 3209 1170 3242 e.
1183 3195 1205 3240 t.
1230 3229 1233 3240 .

454 3267 529 3320 (Sera.
540 3266 620 3312 XXV.
634 3269 662 3312 tle
676 3267 751 3324 regul.
766 3274 792 3314 et
804 3271 897 3316 morial.
910 3276 1002 3328 capa.)

158 3381 200 3426 m
299 3357 331 3418 ln
345 3359 465 3436 singulis
478 3361 577 3438 regnis
589 3361 650 3442 sive
664 3363 821 3440 provinciis
839 3362 889 3422 liat
906 3361 942 3425 de
960 3366 1085 3424 triennio
1104 3366 1133 3424 in
1151 3365 1231 3425 trien·

133 3459 141 3482 κ
212 3442 298 3513 nium,
317 3445 397 3504 salso
416 3445 478 3504 inre
497 3443 738 3506 dioecesanorum
754 3447 934 3526 pontificum,
963 3467 1112 3512 commune
1130 3449 1231 3532 capitu·

212 3525 270 3584 luni
287 3525 422 3586 ablatum
440 3540 525 3608 atque
544 3532 672 3608 priorum
690 3532 809 3593 abbates
832 3535 967 3614 proprios
988 3554 1047 3595 non
1064 3533 1232 3604 tatonem,

212 3610 260 3689 qui
279 3629 336 3670 nou
355 3625 568 3674 consueverunt
585 3617 643 3676 tale
662 3617 816 3697 capitulum
835 3618 1001 3692 celebrare,
1024 3618 1061 3680 at
1078 3618 1155 3699 qnotl
1176 3616 1229 3678 uui·

211 3696 289 3754 verri
299 3697 474 3756 conveniant
485 3699 732 3778 praepeditionem
747 3707 915 3764 eanonicam
930 3726 987 3766 non
1001 3705 1151 3777 habentes,
1164 3696 1231 3782 apud

212 3797 297 3844 unum
316 3776 352 3839 de
367 3785 548 3844 monuerit
561 3782 597 3844 arl
615 3784 671 3846 hoc
689 3798 797 3866 aptum3
817 3787 873 3848 hoc
886 3788 1015 3851 adhibito
1033 3788 1229 3855 murmane

212 3872 245 3922 ut
261 3863 353 3924 nullus
371 3881 470 3924 eorum
487 3867 551 3944 plus
569 3889 652 3949 quam
665 3891 718 3934 sex
731 3869 890 3932 evictiones
904 3885 934 3934 et
947 3887 1016 3938 octo
1029 3893 1170 3956 personas
1185 3870 1230 3934 al·

212 3944 308 4008 ducat.
344 3946 498 4009 Advooent
524 3963 618 4014 auum
640 3957 791 4018 caritative
812 3957 841 4014 in
863 3957 947 4022 leuitas
963 3961 1098 4024 novitatis
1115 3961 1228 4043 primur·
