2654 4334
193 251 281 324 loo·
378 245 650 304 susstoxxv.
690 245 749 297 nn
776 235 1045 300 renormat
1089 292 1091 306 ,

198 392 390 469 cuiuscunque
410 387 519 447 ordinis
538 397 568 446 ct
586 385 742 465 dignitatis,
762 387 848 445 etiam
866 386 891 444 si
910 386 1136 459 communitates,
1155 388 1229 446 uni-

194 477 359 548 versitates,
386 474 509 554 collegia
529 490 713 552 quaecunque
733 471 904 531 clericorum
921 471 968 530 vel
986 470 1125 530 laicorum
1144 476 1224 534 exsi-

194 571 284 634 stant,
312 562 340 620 iu
359 559 546 640 perceptione
564 558 759 632 fructuum¹),
787 566 988 636 proventuum,
1018 556 1221 619 obventionum

196 665 426 728 quorumcunque
445 643 664 714 beneficiorum,
684 643 769 702 etiam
788 643 812 702 si
829 659 898 702 vere
918 640 953 700 de
972 643 1033 702 iure
1052 653 1221 721 patronatus

195 736 319 812 ipsorum
338 751 376 791 ex
393 728 558 790 fundatione
581 738 612 788 et
629 725 777 787 dotatione
796 737 906 799 essent,
929 726 1089 787 nullatenus
1107 729 1222 790 nullave

196 805 282 879 causa
305 817 351 876 vel
370 816 525 876 occasione
552 832 583 874 se
606 814 753 891 ingerant3
776 811 828 872 sed
850 812 915 873 illos
934 813 1024 874 libere
1043 815 1154 874 rectori
1172 835 1227 875 sen.

194 902 378 974 beneficiato,
393 920 450 960 non
465 899 597 959 obstante
611 899 697 959 etiarn
709 917 874 979 quacunque
889 896 1106 970 consuetudine,
1125 897 1224 960 distri·

195 987 325 1050 bumdos
349 985 499 1046 dimittant.
540 982 604 1044 Nec
623 981 729 1044 dictum
753 985 796 1044 ius
819 994 985 1064 patronatus
1007 983 1184 1046 venditionis
1192 988 1223 1062 ²)

195 1085 245 1133 ant
263 1074 320 1132 alio
339 1088 507 1153 quocunque
525 1069 608 1128 titulo
627 1069 656 1128 in
675 1069 747 1129 alios
766 1080 867 1130 contra
886 1069 1039 1129 canonicas
1057 1072 1223 1132 sanctiones

195 1158 352 1218 transferre
371 1165 562 1237 praesumant.
608 1151 640 1214 si
657 1173 741 1214 secus
759 1156 895 1226 iecerint,
920 1158 1231 1218 excommunicationis·

195 1256 225 1304 et
243 1241 389 1303 interdicti
407 1243 509 1322 poenis
527 1240 727 1313 subiicientur,
748 1251 779 1300 et
796 1239 874 1304 dicto
893 1242 955 1300 iure
972 1252 1141 1321 patronatus
1160 1246 1225 1324 ipso

194 1332 256 1389 iure
274 1329 378 1407 privati
397 1329 543 1387 exsistant
588 1325 707 1405 Insuper
721 1323 925 1398 accessiones,
949 1327 1091 1406 perviam
1111 1330 1226 1388 unionis

194 1415 290 1474 factae
310 1413 345 1472 de
364 1412 513 1472 beneficiis
532 1410 630 1471 liberis
649 1410 686 1470 ad
703 1411 844 1472 ecclesias
867 1412 921 1472 iuri
939 1423 1116 1491 patronatus,
1135 1417 1225 1474 etiam

138 1515 148 1522 ·
194 1501 347 1570 laicorum,
371 1498 529 1569 subiectas,
557 1507 614 1555 tam
637 1495 674 1555 ad
697 1496 878 1576 parochiales
901 1517 982 1578 quam
1005 1496 1042 1557 ad
1059 1498 1117 1558 alia
1135 1520 1229 1580 quae·
1264 1535 1269 1540 -

196 1605 307 1665 cunque
329 1584 486 1655 beneficia,
510 1583 598 1643 etiarn
617 1583 771 1662 simplicia,
795 1603 846 1643 seu
865 1582 1033 1660 dignitates,
1056 1584 1102 1644 vel
1125 1585 1227 1665 bospi-

195 1672 279 1742 talia,
303 1672 341 1728 ita
366 1681 397 1729 ut
419 1667 569 1750 praedicta
592 1668 734 1728 beneficia
757 1667 847 1728 libera
870 1668 997 1728 eiusdem
1020 1680 1140 1731 naturae
1160 1692 1226 1732 cum

116 1781 122 1798 =
195 1758 240 1826 iis,
259 1756 424 1835 quibuscum
443 1756 592 1825 uniuntur,
611 1753 782 1825 efficiantur,
802 1764 887 1834 atque
905 1755 956 1814 sub
975 1756 1037 1815 iure
1055 1766 1230 1835 patronatus

197 1843 414 1912 constituantur,
433 1841 487 1902 bae
506 1841 531 1900 si
548 1838 671 1899 nondum
686 1841 844 1920 plenarium
862 1842 981 1900 sortitae
1000 1851 1065 1900 sunt
1078 1842 1225 1917 ellectum,

195 1927 241 1985 vel
260 1924 398 2007 deinceps
425 1925 461 1986 ad
481 1927 604 1987 cuiusvis
623 1927 784 1986 instantiam
803 1926 886 1998 lieet,
910 1946 1077 2007 quacunque
1095 1932 1227 1989 auctori-

196 2023 266 2085 tate,
287 2015 372 2072 etiarn
391 2013 562 2092 apostolica,
582 2031 739 2072 concessae
758 2012 874 2083 luerint,
893 2013 975 2072 simul
994 2033 1056 2073 cum
1072 2015 1231 2076 unionibus.

195 2099 264 2178 ipsis
286 2117 339 2178 per
365 2100 575 2178 surreptionem
602 2096 738 2158 obtentae
765 2097 974 2177 intelligentem
1011 2100 1227 2162 nonobstante

196 2203 363 2263 quacunque
387 2184 416 2241 in
434 2185 469 2242 iis
486 2182 640 2242 verborum
658 2184 750 2242 forma
768 2201 818 2242 sen
846 2182 1050 2263 derogatione,
1074 2204 1147 2264 quae
1175 2188 1228 2247 ba·

195 2269 298 2328 beatur
320 2288 373 2347 pro
402 2288 552 2349 expressa3
581 2288 636 2328 nec
660 2269 839 2328 exsecutioni
865 2271 984 2348 amplius
1006 2269 1226 2344 demandentur,

195 2352 248 2414 sed
266 2354 408 2416 beneficia
425 2355 488 2434 ipsa
506 2356 594 2426 nnita,
615 2374 696 2433 quum
715 2355 890 2426 vacaverint,
909 2355 1000 2415 libere
1018 2368 1050 2415 ut
1058 2367 1145 2418 antea
1157 2378 1228 2418 con·

200 2440 339 2499 ferantur.
384 2439 552 2511 Quaerere
572 2459 589 2496 a
608 2438 797 2517 quadraginta
820 2442 900 2500 aunis
924 2442 998 2500 citra
1022 2443 1157 2519 lactaei)
1183 2445 1228 2504 ei-

196 2526 301 2584 iectum
321 2534 350 2584 et
368 2524 480 2603 plenam
499 2525 763 2603 incorporationem
782 2537 846 2584 sunt
865 2536 1048 2599 consecutae,
1067 2528 1121 2588 bae
1141 2530 1231 2592 nibil-

197 2609 306 2668 ominus
324 2609 359 2668 ab
380 2606 532 2668 ordinariis
551 2619 683 2688 tanquam
706 2631 723 2670 a
745 2610 814 2670 sede
833 2611 994 2691 apostolica
1012 2611 1154 2692 delegatis
1179 2635 1228 2676 re·

195 2692 346 2753 videantur
368 2705 398 2752 et
420 2695 631 2768 examinentur3
659 2715 693 2756 ac
712 2716 785 2775 quae
807 2716 860 2776 pcr
882 2700 1089 2776 surreptionem
1106 2700 1153 2760 vel
1175 2702 1229 2760 ob·

144 2808 188 2849 ης,
196 2780 356 2859 reptionem
380 2779 514 2842 obtentae
538 2783 657 2853 luerint,
685 2783 767 2842 simul
791 2802 853 2842 cum
876 2784 1027 2844 unionibus
1050 2787 1150 2846 irritae
1176 2785 1231 2848 de·

197 2866 356 2938 clarentur,
385 2885 419 2926 ac
437 2867 579 2929 beneficia
602 2870 665 2947 ipsa
682 2877 865 2946 separentur,
894 2879 923 2928 et
941 2869 1004 2928 aliis
1029 2871 1230 2934 conferantur.

198 2949 336 3012 Similiter
364 2972 475 3033 quoque
500 2963 669 3036 patronatus
687 2955 847 3032 quicunque
873 2956 902 3012 in
930 2955 1076 3028 eeclesiis,
1110 2957 1229 3036 quibus·

197 3057 308 3116 cunque
327 3039 391 3098 aliis
404 3038 563 3112 beneficiis,
584 3040 670 3099 etiarn
685 3037 870 3116 dignitatibus
885 3050 970 3099 antea
981 3040 1082 3102 liberis
1092 3045 1229 3122 acquisiti

196 3142 214 3181 a
233 3121 421 3202 quadraginta
444 3127 524 3184 annis
547 3127 636 3196 citra,
664 3135 695 3182 et
716 3127 745 3182 iu
769 3125 891 3184 futurum
909 3125 1090 3207 acquirendi,
1118 3148 1230 3190 senex

197 3218 350 3286 augmento
378 3208 467 3282 dotis,
495 3230 545 3270 seu
573 3229 610 3270 ex
637 3229 711 3268 nova
738 3211 966 3283 constructione,
993 3213 1039 3273 vel
1057 3213 1114 3272 alia
1140 3215 1229 3275 simili

198 3313 293 3366 causa,
313 3295 399 3354 ctiam
422 3297 595 3356 auctoritate
618 3293 694 3354 sedis
717 3296 909 3375 apostolicae,
933 3297 969 3356 ab
988 3296 1088 3362 iisdem
1108 3297 1230 3360 ordina·

198 3381 257 3453 riis,
278 3382 318 3440 uti
337 3379 492 3460 delegatis,
512 3393 543 3442 ut
560 3401 659 3463 supra,
679 3383 726 3460 qui
745 3383 846 3441 nullius
865 3383 893 3440 in
912 3382 955 3442 bis
974 3383 1158 3456 facultatibus
1179 3397 1234 3445 aut

198 3467 357 3544 privilegiis
380 3466 583 3546 impediantur,
603 3464 758 3546 diligenter
776 3479 1002 3547 cognoscantur3
1027 3480 1057 3529 et
1079 3490 1150 3548 quos
1169 3491 1230 3531 non

199 3552 362 3628 repererint
385 3551 421 3610 ob
444 3555 564 3614 maxime
584 3549 746 3614 evidentem
768 3554 928 3626 ecclesiae,
952 3555 999 3614 vol
1022 3555 1157 3616 beneficii
1176 3576 1231 3617 seu

201 3633 348 3712 diguitatis
366 3640 566 3699 necessitatem
590 3639 717 3718 legitime
741 3641 911 3700 constitutos
930 3659 1003 3714 esse,
1023 3643 1051 3700 in
1070 3651 1159 3702 toturn
1180 3662 1230 3702 re-

253 3815 330 3859 Son.
348 3817 427 3861 XXV.
454 3823 476 3871 1)
489 3822 519 3865 ci.
530 3836 550 3866 e.
561 3837 599 3866 un.
614 3823 646 3868 X.
656 3829 683 3866 nt
692 3822 778 3872 eccles.
788 3823 865 3868 bauai.
877 3825 927 3868 siue
937 3825 1021 3870 demin.
1032 3824 1120 3870 confer.
1135 3825 1183 3870 ΠΙ.
1194 3829 1229 3870 12.

201 3865 419 3962 bldsiwv‘llldessef
435 3870 489 3963 peel.
505 3885 524 3916 e.
539 3875 559 3916 o.
575 3877 606 3918 tt.
620 3871 653 3918 Χ.
669 3875 697 3918 ds
707 3876 758 3918 iure
772 3879 833 3930 patr.
847 3875 893 3919 111.
904 3878 936 3920 88,
948 3875 1029 3931 (Alex.
1039 3876 1095 3932 ΙΙΙ.)
1105 3901 1130 3910 -
1156 3879 1180 3931 ³)
1197 3876 1232 3922 el.
