2652 4330
215 241 273 303 40
409 236 662 293 8Ε811οἮΙ.
698 235 760 288 DE
788 233 1061 292 REFORMAT.

372 381 615 430 DRGRH'UM
646 383 702 428 DE
732 380 1100 428 BHOBMAHONE.

304 479 413 540 Eadem
436 490 624 540 sacrosancta
650 477 792 560 synodus,
824 477 934 540 eisdem
959 477 1193 558 praesidentibus
1225 491 1257 540 et

218 568 333 645 legatis,
357 568 502 646 inceptum
524 565 699 626 residentiae
718 577 751 626 et
772 566 987 625 reformationis
1009 565 1197 642 negotium)
1219 564 1257 624 ad

219 651 275 712 Dei
302 651 416 714 laudem
443 660 475 711 et
497 651 679 712 Christianae
706 652 858 730 religionis
884 653 1090 712 incrementum
1117 653 1258 730 prosequi

218 736 387 810 intendens,
414 747 446 796 ut
468 739 598 817 sequitur
619 736 800 797 statuendum
823 737 950 810 censuit,
977 735 1058 796 salva
1084 754 1201 816 semper
1229 739 1258 795 in

220 823 351 884 omnihus
369 820 448 881 sedis
467 822 647 902 apostolieae
665 823 849 882 auctoritate.

340 960 396 1008 (λι
434 959 499 1017 Quis
509 973 598 1020 capax
606 961 739 1022 regiminis
752 957 920 1006 ecclesiarum
933 957 1133 1008 cathedralem.

305 1042 353 1104 Ad
376 1042 582 1104 cathedralium
605 1043 793 1104 ecclesiarum
815 1043 946 1121 regimen
967 1042 1114 1117 nuhns2),
1141 1044 1197 1105 uisi
1223 1062 1259 1102 ex

117 1174 121 1182 .
220 1130 349 1208 legitimo
368 1129 550 1188 matrimonio
569 1138 661 1201 natus,
682 1138 712 1189 et
729 1138 826 1190 aetate
845 1137 965 1200 matura,
985 1129 1128 1208 gravitate
1146 1147 1260 1188 morum

220 1216 425 1295 literarumque
443 1215 579 1286 scientia,
599 1215 678 1272 iuxta
700 1215 934 1274 constitutionem
951 1211 1112 1274 Alexandri
1131 1215 1258 1286 tertiii),

222 1320 294 1382 quae
313 1301 429 1380 incipit:
459 1303 551 1378 Quum
574 1302 605 1358 in
624 1301 751 1372 cunetis,
779 1300 809 1360 in
832 1300 957 1360 concillo
976 1297 1168 1359 Lateranensi
1191 1319 1260 1379 pro-

221 1387 384 1465 mulgatam,
402 1384 550 1465 praeditus
568 1395 736 1444 assumatur.

187 1529 213 1571 er
249 1525 277 1574 G.
285 1525 316 1570 ll.
354 1521 480 1571 fauentes
487 1523 577 1584 plures
586 1521 752 1570 cathedrales
761 1523 1016 1571 ecclesiariubeutur
1025 1535 1110 1570 omnes
1119 1530 1235 1584 occepta

476 1605 531 1639 una
539 1591 670 1638 dimittere
678 1597 751 1638 certo
759 1591 833 1639 modo
842 1599 871 1639 et
880 1598 1001 1653 tempore.

307 1676 417 1749 Nemo,
445 1695 612 1755 quacunque
637 1677 722 1736 etiam
741 1674 897 1756 dignitate,
926 1673 1018 1755 gradu
1046 1686 1096 1736 aut
1116 1677 1260 1754 praeemi¹¹

223 1765 322 1823 nentia
339 1761 534 1842 praefulgens,
552 1763 650 1841 plures
669 1762 905 1841 metropolitanas
927 1779 979 1822 seu
1003 1760 1188 1822 cathedrales
1211 1779 1260 1820 ec-

224 1851 329 1911 clesias
351 1849 381 1907 in
403 1847 515 1907 titulum
542 1848 603 1906 sive
627 1845 837 1920 commendam,
865 1857 915 1907 aut
940 1847 997 1906 alio
1022 1848 1121 1927 quovis
1144 1849 1258 1906 nomine

224 1945 326 1996 contra
344 1953 492 1995 sacrorum
507 1952 646 1996 canonum
664 1935 827 2010 instituta4)
842 1935 975 2014 recipere
990 1943 1021 1992 et
1035 1933 1117 1993 simul
1132 1933 1259 1992 retinere

222 2031 400 2104 praesumat,
425 2039 509 2100 quum
526 2017 610 2080 ualde
628 2019 702 2080 lelix
717 2022 756 2080 sit
772 2020 821 2080 ille
841 2016 1015 2091 censendus,
1041 2021 1088 2078 cui
1106 2037 1193 2078 unam
1211 2025 1259 2076 e‘e·

225 2110 342 2168 alesiam
364 2107 441 2166 bene
463 2125 498 2165 ae
521 2107 670 2166 fructuose
693 2115 724 2165 et
747 2126 810 2166 cum
832 2107 988 2165 animarum
1015 2104 1071 2164 sibi
1094 2105 1260 2166 commissa-

224 2212 286 2252 rum
313 2193 405 2252 salute
432 2209 537 2268 regere
566 2192 732 2270 contigerit.
787 2191 841 2264 Qui
871 2201 966 2252 autem
994 2192 1091 2270 plures
1118 2190 1259 2251 ecclesias

226 2289 328 2340 eontra
345 2278 506 2356 praesentis
524 2274 637 2336 decreti
655 2287 785 2338 tenorem
809 2296 883 2338 nunc
907 2275 1050 2350 detinent,
1078 2295 1150 2350 una,
1179 2293 1260 2356 qnam

224 2365 392 2435 maluerint,
421 2371 549 2433 retenta,
577 2362 703 2441 reliquas
722 2363 797 2421 inira
815 2382 868 2423 sex
885 2381 1012 2435 meuses,
1040 2363 1065 2422 si
1083 2360 1119 2421 ad
1139 2361 1259 2422 liberam

225 2449 499 2528 sedisapostolicae
519 2445 736 2527 dispositionem
758 2450 937 2529 pertineant,
963 2450 1036 2509 alias
1058 2449 1134 2507 inira
1156 2466 1260 2507 anuum

186 2577 189 2582 -
226 2534 372 2594 dimittere
390 2543 557 2606 teneantur3
586 2534 713 2614 alioquin
736 2535 881 2595 ecelesiae
899 2529 994 2614 ipsae,
1021 2531 1121 2608 ultimo
1141 2532 1260 2593 obtenta

226 2611 368 2680 duntax'at
384 2629 516 2698 excepte,
536 2637 578 2678 eo-
591 2620 654 2698 ipso
672 2639 777 2680 vacare
797 2630 978 2680 censeantur.

322 2755 403 2808 eut
438 2753 1172 2824 Hobila'burduntaxatperaouirbenficiaconferantur.

313 2842 456 2904 lnieriora
479 2842 622 2903 beneficia
644 2842 857 2919 ecelesiastica,
885 2845 1055 2924 praesertim
1079 2861 1176 2904 curam
1201 2843 1261 2902 ani-

54 2977 63 2998 .
166 2989 168 3002 ,
228 2950 335 2990 marum
353 2929 502 3002 habentia,
521 2929 653 3009 personis
672 2927 766 3008 dignis
784 2939 814 2988 et
831 2929 987 3002 habilibus,
1006 2939 1037 2988 et
1054 2947 1126 3008 quae
1145 2929 1175 2987 in
1194 2928 1259 2987 loco

228 3015 357 3077 residere
376 3035 412 3076 ao
428 3035 483 3096 per
500 3035 531 3076 se
550 3017 628 3096 ipsos
647 3034 743 3074 curam
762 3015 851 3095 ipsam
870 3035 1010 3076 exercere
1027 3015 1157 3085 valeant,
1181 3014 1260 3072 iuxta

203 3101 463 3162 'constitutionem
489 3098 650 3162 Alexandri
676 3099 728 3160 111.
756 3102 786 3160 in
812 3101 1016 3173 Lateranensi,
1044 3119 1117 3180 quae
1145 3100 1259 3180 incipit:

231 3189 307 3265 Quia
324 3189 509 3264 notoncurt),
529 3197 560 3247 et
576 3187 662 3247 aliam
678 3185 814 3265 Gregorii
827 3187 864 3247 X.
883 3189 912 3246 iu
930 3187 1060 3266 generali
1074 3183 1260 3263 Lugdunensi

194 3275 369 3349 reconcilio,
398 3293 470 3356 quae
492 3274 607 3354 incipit:
642 3275 730 3334 Licet
751 3273 903 3350 cononi),
931 3273 1036 3334 editam
1064 3271 1258 3332 conferantur.

227 3361 324 3423 Aliter
342 3371 436 3422 autem
454 3361 533 3422 laeta
555 3359 673 3418 collatio
696 3360 756 3420 sive
778 3360 905 3440 provisio
929 3360 1043 3422 omnino
1066 3359 1212 3429 irritetur,
1231 3364 1259 3414 et

282 3542 360 3588 Sera.
369 3543 426 3589 v11.
453 3542 517 3692 ipsi.
528 3555 599 3640 supra
608 3543 673 3588 Sors.
682 3542 726 3588 Vl.
737 3545 765 3588 de
774 3543 819 3588 rei.
830 3557 850 3588 c.
860 3547 881 3588 ².
899 3567 925 3578 —
959 3545 982 3598 2)
993 3542 1025 3587 cl.
1033 3540 1090 3586 inlr.
1101 3539 1165 3586 Sese.
1175 3538 1261 3583 xxn.

230 3593 374 3640 clarebat.
391 3618 419 3630 -
451 3599 465 3639 8
486 3611 505 3640 e.
515 3599 535 3640 ¹l.
573 3613 579 3640 =
594 3597 622 3639 de
636 3593 707 3640 elect.
721 3595 741 3640 1.
755 3599 775 3640 t.
786 3601 811 3640 et
824 3595 879 3640 infr.
890 3597 1035 3639 intersonat.
1051 3607 1082 3637 ex
1095 3598 1143 3636 ant.
1158 3593 1210 3634 inre
1220 3593 1257 3634 de-

230 3651 314 3742 sumpt.
325 3659 368 3704 per
378 3659 443 3691 cone.
479 3648 522 3692 rid.
533 3649 662 3692 innovatas.
673 3670 698 3680 -
723 3653 745 3702 t)
757 3663 776 3692 a.
787 3651 806 3690 ².
817 3648 847 3692 D.
858 3647 935 3691 LXX.
946 3649 1022 3712 (conc.
1032 3644 1108 3694 Flac.)
1123 3659 1143 3687 e.
1153 3647 1173 3688 3.
1190 3645 1216 3686 0.
1227 3642 1258 3686 X.

230 3696 549 3794 uralsftfltttwl
564 3714 586 3794 t:
599 3703 620 3794 l:
634 3699 739 3794 popu.
755 3704 826 3794 ihi·
842 3696 1256 3794 ilidii:ilntlhtiltlnt:

308 3832 312 3843 .
340 3754 782 3858 lt.)e.ts.it.(⁰1dhoe.1u.(o.dd⁰uo
808 3755 871 3846 thecla.
886 3782 910 3845 in
920 3758 979 3845 ht'lto
989 3799 1035 3844 Ill.
1049 3801 1070 3841 4.
1081 3761 1169 3854 diluuii.
1179 3797 1257 3848 vm.)

229 3801 362 3950 d-Adzbtc'ldi
371 3851 405 3947 Xl.
415 3852 444 3946 cpe
455 3851 512 3899 eles.
522 3866 621 3899 nonres.
635 3805 680 3898 ud.
690 3858 709 3898 t.
721 3859 745 3898 st
754 3817 809 3897 ind.
820 3853 837 3897 1.
847 3866 867 3898 e.
882 3878 908 3888 -
932 3855 954 3908 t)
966 3867 985 3896 c.
1000 3851 1068 3896 thule
1080 3850 1150 3894 elect.
1165 3847 1258 3892 inVlto

247 3937 252 3950 Ι
276 3935 281 3948 1
325 3919 333 3948 ¹
361 3919 380 3948 ¹·
402 3934 407 3946 O
432 3933 438 3946 Ι
