2648 4336
411 305 539 361 ll-dMN.
556 305 644 362 siu.
661 306 826 362 Pteron.
1057 308 1131 368 111

108 447 276 517 musterium,
297 444 380 523 idque
399 455 480 504 extra
499 448 610 516 moenia
629 447 752 506 civitatis
769 449 798 505 in
816 447 887 506 locis
902 445 1087 508 abditioribus
1101 460 1131 508 et

108 530 314 594 remotioribus
332 529 560 590 collocandum.“

196 623 229 678 a.
249 614 348 687 „luter
366 616 570 692 occupationes
586 616 664 674 vitae
679 617 854 675 monasticae
878 635 944 694 part
965 635 1017 676 sua
1038 615 1130 676 labori

108 719 242 761 manuum
264 699 398 757 inviolate
421 697 573 769 servanda,
601 699 703 757 relicto
726 709 820 759 tamen
847 719 975 777 congruo
1000 712 1129 780 tempore

107 783 287 866 psalmodiae
305 781 507 861 impendendo,
530 793 579 842 aut
588 773 695 854 ctiam,
719 785 742 842 si
766 786 812 844 eui
835 785 961 856 libuerit,
986 787 1129 845 literarum

108 870 217 930 studio.
262 865 420 926 Psalmodin
430 866 551 927 deberet
563 887 627 926 esse
641 866 797 940 moderata,
813 871 877 947 qula
892 871 977 930 nimia
989 873 1050 930 eius
1064 889 1130 949 pro·

107 957 210 1014 linitas
236 953 311 1032 parit
336 953 593 1030 praecipitantium,
622 954 788 1024 molestiam,
817 956 1023 1032 evagationem.
1068 954 1129 1026 Quo
1226 941 1231 962 ⁸

107 1040 174 1119 plus
188 1047 289 1097 auctae
304 1045 368 1095 sunt
381 1035 564 1114 psalmodiae,
584 1038 738 1108 orationes,
757 1056 869 1115 preces,
888 1038 1050 1098 tantundem
1064 1058 1130 1117 per·

104 1142 203 1204 aequa
225 1121 410 1202 proportione
434 1122 508 1179 omni
526 1132 654 1199 tempore
673 1123 831 1180 imminutus
848 1123 945 1182 servor
963 1133 1007 1183 est
1025 1125 1130 1182 sancti-

107 1219 210 1286 tasque
228 1205 431 1283 regularium.“

197 1297 226 1354 5.
245 1289 351 1361 „Nulla
368 1290 444 1348 iorte
462 1286 634 1347 admittenda
653 1287 796 1348 distinctio
815 1292 968 1349 monachos
983 1293 1057 1350 inter
1071 1294 1129 1351 sive

106 1377 202 1436 choro
220 1375 279 1432 sive
302 1375 465 1432 ministeriis
486 1371 630 1444 addietum
658 1374 843 1452 inaequalitas
865 1375 974 1434 isthaec
997 1377 1130 1453 gravissi-

109 1479 172 1520 mas
189 1459 264 1518 omni
282 1467 411 1536 tempore
430 1457 494 1517 lites
513 1458 648 1516 excitavit
665 1477 699 1518 ac
719 1457 885 1530 discordias,
905 1469 964 1519 eta
978 1462 1131 1518 communi-

110 1543 217 1604 tatibus
235 1543 407 1620 regularium
425 1542 552 1620 spiritum
572 1542 700 1602 caritatis
717 1543 857 1622 expulit.“

199 1632 228 1692 6.
255 1627 379 1698 „Votum
403 1637 558 1706 perpetuae
587 1626 750 1686 stabilitatis
776 1645 915 1705 nunqnam
941 1625 1129 1686 tolerandum.

114 1713 181 1774 Non
198 1711 267 1770 illud
284 1722 388 1771 norant
406 1721 518 1771 veteres
536 1711 677 1783 monachi,
697 1714 744 1789 qui
762 1722 854 1769 tamen
870 1711 1012 1770 ecclesiae
1028 1731 1131 1771 conso·

112 1799 184 1858 latio
201 1807 234 1855 et
250 1797 455 1854 Christianismi
477 1806 671 1855 ornamentum
695 1797 872 1854 exstiterunt
916 1794 993 1854 Vota
1015 1798 1131 1856 castita·

112 1884 160 1952 tis,
178 1881 352 1960 paupertatis
371 1890 401 1939 et
419 1879 599 1940 obedientiae
618 1899 674 1939 non
688 1878 860 1939 admittenda
874 1882 963 1938 instar
976 1882 1131 1941 communis

110 1977 143 2025 et
166 1963 274 2024 stabilis
294 1966 422 2042 regulae.
467 1963 499 2022 Si
521 1966 583 2044 quis
605 1983 640 2023 ea
659 1974 741 2035 vota,
765 1974 814 2022 ant
836 1965 942 2034 omnia,
965 1974 1014 2022 ant
1036 1965 1129 2042 aliqua
1143 1987 1180 2029 tet

110 2053 210 2109 lacere
233 2050 370 2119 voluerit,
396 2050 542 2108 consilium
565 2059 595 2108 et
616 2050 726 2108 veniam
749 2049 784 2107 ab
808 2050 943 2126 episcopo
966 2048 1129 2126 postulabit,

110 2136 160 2213 qni
178 2145 271 2192 tamer
290 2153 428 2211 nunquam
446 2135 599 2212 permittet,
617 2143 803 2211 nt-perpctua
821 2135 886 2203 sint,
905 2151 958 2191 nec
976 2131 1043 2191 anni
1061 2132 1130 2191 lines
1228 2169 1231 2172 -

111 2218 265 2279 excedent.
308 2217 511 2277 Tantummodo
530 2218 651 2276 facultas
669 2216 783 2276 dabitur
796 2236 830 2276 ea
847 2216 1002 2276 renovandi
1016 2216 1067 2276 sub
1082 2218 1131 2277 iis-

111 2304 176 2363 dem
196 2302 436 2370 conditionibus&

197 2393 226 2450 7.
249 2387 385 2458 „Omnem
404 2388 554 2466 episcopus
572 2387 688 2446 habebit
705 2387 910 2464 inspectionem
927 2386 956 2443 in
974 2404 1071 2445 eorum
1089 2387 1131 2444 vi-

111 2483 178 2543 tam,
199 2471 302 2546 studia,
320 2489 500 2549 progressum
519 2473 547 2529 in
565 2473 686 2548 pietate3
706 2470 742 2531 ad
760 2473 849 2550 ipsum
866 2469 1021 2549 pertinebit
1034 2489 1131 2530 mona·

110 2557 184 2616 cleos
202 2556 352 2614 admittere
371 2566 401 2614 et
419 2556 577 2633 expellere,
596 2574 709 2634 semper
726 2567 819 2626 tamen
838 2565 959 2634 accepto
979 2555 1131 2615 contuber-

110 2642 214 2700 nalium
236 2641 387 2698 consilio.“

198 2731 227 2787 8.
247 2723 425 2801 „Regulares
443 2723 580 2792 ordinum,
600 2725 647 2800 qui
666 2721 757 2781 adlmc
776 2735 931 2793 remanent,
951 2725 1022 2783 licet
1034 2743 1131 2783 sacer-

109 2809 195 2868 dotes
213 2811 242 2866 in
260 2810 316 2867 hoc
335 2809 534 2867 monasterium
553 2805 662 2866 admitti
681 2808 765 2864 etiam
784 2817 913 2884 possent,
937 2807 1022 2864 modo
1044 2811 1073 2864 in
1092 2811 1131 2866 si-

112 2895 203 2952 lentio
227 2903 257 2951 et
278 2891 431 2952 solitudine
454 2893 587 2970 propriae
610 2890 828 2949 sanctificationi
850 2908 954 2948 vacare
982 2901 1128 2967 cuperent,

112 2997 170 3056 quo
190 2997 257 3036 casn
276 2977 481 3056 dispensationi
499 2978 578 3035 locus
596 2976 678 3035 lieret
695 2975 724 3032 in
743 2974 870 3050 generali
889 2975 987 3049 regula
1007 2993 1080 3032 num.
1100 2980 1128 3036 2.

109 3073 228 3133 statuta,
243 3064 283 3120 sic
300 3072 402 3132 mosen,
421 3081 457 3119 ne
469 3063 545 3120 vitae
559 3059 762 3119 institutionem
777 3069 930 3136 sequantur
942 3058 978 3114 ab
993 3059 1056 3116 aliis
1074 3057 1130 3116 dis-

112 3156 289 3225 crepantem,
309 3145 391 3217 adeo,
410 3157 515 3204 utnon
533 3147 693 3223 plusquam
712 3162 767 3201 una
785 3139 887 3200 autad
905 3161 1038 3200 summum
1058 3140 1129 3200 duae

111 3234 140 3288 in
160 3230 234 3289 diem
253 3232 355 3290 missae
375 3230 566 3300 celebrentur,
585 3231 708 3307 satisque
727 3229 832 3286 ceteris
850 3225 1047 3286 sacerdotibus
1067 3245 1130 3284 osse
1220 3239 1229 3252 ⁸

108 3314 219 3373 debeat
236 3335 291 3373 una
310 3335 372 3374 cunt
391 3315 591 3374 communitate
610 3313 846 3372 concelebrare.“

288 3484 372 3544 ltcm
394 3503 455 3563 pro
478 3484 729 3542 reformatione
751 3481 955 3540 monialium.

581 3613 606 3684 ς.
626 3621 665 3664 11.

198 3736 295 3806 „Vota
313 3748 556 3817 perpetuansque
575 3735 611 3795 ad
629 3753 729 3794 annum
747 3741 800 3799 40.
821 3747 870 3795 aut
887 3742 937 3799 45.
957 3753 1013 3792 non
1027 3731 1129 3792 admit

113 3818 358 3881 tendallloniales
376 3822 474 3882 solidis
493 3819 753 3890 exercitationibus,
772 3821 919 3898 speciatim
938 3819 1029 3879 labori
1048 3815 1129 3876 adut-
1182 3833 1189 3856 π
1297 3841 1302 3850 ¹

111 3908 240 3978 rendae,
255 3926 271 3963 a
286 3910 393 3965 carnali
407 3909 615 3987 spiritualitate,
631 3924 685 3984 qua
698 3905 852 3984 pleraeque
867 3905 1045 4052 disztirpentur,
1060 3921 1129 3960 avo·

924 3995 938 4050 l
