2654 4330
252 173 420 273 sessio
447 215 551 272 xxiii.
593 219 654 274 tttt
680 217 951 276 REFO'RMAT.
1044 221 1117 280 m

85 351 233 418 dioecesis
251 357 332 430 loco,
359 367 512 439 praesente
536 358 616 418 clero
643 359 715 432 loci,
743 359 872 438 dignior,
900 371 1032 440 quantum
1051 361 1116 426 lieri

83 443 210 526 poterit,
234 442 362 504 ecelesia
378 462 493 523 semper
509 442 639 504 adeatur.
685 443 881 524 Unusquisque
899 455 994 507 eutem
1012 465 1030 507 a
1046 455 1116 526 pro·

82 530 151 610 prio
175 529 313 610 episcopo
337 527 534 604 ordinetur¹).
580 527 709 603 Quodsi
733 532 796 610 quis
817 530 853 590 ab
871 529 929 591 alio
952 534 1116 611 promoveri

82 625 181 695 petat,
209 614 370 676 nullatcnus
388 612 417 675 id
436 616 478 687 ei,
506 616 592 674 etiem
611 615 734 675 cuiusvis
752 617 897 694 generalis
915 627 964 676 nut
981 619 1116 698 specialis
1183 651 1193 664 ‚

82 701 223 780 rescripti
248 699 295 763 vel
321 699 466 779 privilegii
492 710 658 781 praetextu,
687 703 773 762 etiam
800 703 913 766 statutis
940 701 1116 782 temporibus

81 787 285 865 permittatur,
312 786 367 846 nisi
394 786 456 845 eius
482 786 611 864 probitas
638 805 673 846 nc
700 807 795 847 mores
814 786 953 847 ordinarii
972 788 1015 848 sui
1034 790 1115 848 testi·

83 872 184 930 monio
203 869 487 944 commendentur2).
532 868 565 930 Si
582 890 666 931 secus
685 872 749 944 liat,
769 871 904 936 ordinans
922 893 940 934 a
959 873 1115 934 collatione

86 955 220 1022 ordinum
239 975 426 1036 perannum,
450 966 481 1018 et
498 955 645 1017 ordinatus
663 975 681 1015 a
698 969 897 1037 susceptorum
916 957 1046 1020 ordinum
1064 978 1116 1020 ex·

86 1042 254 1115 secutione,
277 1040 410 1121 quamdiu
431 1043 549 1124 proprio
573 1040 720 1108 ordinario
739 1042 882 1106 videbitur
899 1043 1052 1124 expedire,
1080 1045 1118 1104 eit

87 1147 253 1212 suspensus.

86 1285 114 1334 0.
134 1283 181 1334 ut
217 1281 360 1344 Episcopvs
378 1281 545 1349 familiarem
569 1279 694 1332 ordinans
717 1285 842 1350 euaserat
859 1286 950 1332 studes
968 1282 1116 1344 beneficium

546 1365 576 1398 re
592 1355 658 1413 ipsa.

174 1433 334 1516 Episcopus
356 1434 524 1498 familiarem
547 1456 626 1496 suum
649 1457 708 1496 nou
732 1433 875 1495 subditum
900 1435 1034 1496 ordinare
1059 1455 1116 1499 non

86 1520 193 1600 possit,
212 1521 266 1580 nisi
284 1541 338 1601 por
355 1522 508 1580 triennium
525 1541 622 1580 seeum
641 1521 729 1581 fuerit
747 1530 953 1591 commoratus,
977 1531 1008 1581 et
1024 1521 1116 1582 bene-

87 1607 223 1679 ficiuml)
249 1624 416 1688 quacunque
435 1605 537 1666 fraude
557 1618 688 1666 cessante
707 1607 802 1666 statim
826 1625 858 1665 re
877 1607 939 1686 ipsa
956 1605 998 1666 illi
1017 1606 1117 1666 couse-

87 1703 147 1765 rat3
177 1690 383 1752 consuetudine
403 1711 583 1774 quacunque,
604 1694 689 1752 etiam
707 1689 933 1763 immemorabili,
952 1691 981 1751 iu
1000 1701 1117 1752 coutra-
1198 1736 1199 1742 κ

87 1779 160 1836 rium
179 1796 238 1835 uon
256 1775 397 1838 obstante.

87 1933 115 1978 G.
134 1931 169 1980 X.
204 1931 340 1994 Episcopie
364 1935 504 1999 insm'oree
524 1932 645 1993 praelati
666 1929 860 1979 tonsuramus!
880 1931 992 1977 ninom
1015 1929 1117 1978 ordines

87 2014 120 2048 ae
145 2003 299 2066 conserent,
324 2004 377 2050 nisi
396 2001 562 2064 regularibus
580 2001 631 2049 eibi
651 1999 778 2058 subdittep
802 2012 849 2046 aec
865 2001 917 2059 s'prt
932 2004 983 2046 aet
999 1998 1117 2058 capitula

170 2083 338 2136 quaeeunque
355 2070 517 2119 dimissoriae
537 2069 697 2128 concedam
722 2067 887 2130 graviorem
904 2066 1034 2118 decretum

401 2140 570 2201 peccantibus
584 2150 671 2199 poena
688 2143 802 2184 statuta.

174 2222 335 2284 Abbatibus
348 2244 382 2284 ac
396 2226 461 2284 aliis
479 2225 692 2305 quibuscunque
711 2222 888 2302 quantumvis
905 2219 1044 2300 exemptis
1058 2239 1115 2280 nou
1125 2236 1166 2279 nos

90 2311 178 2369 liceat
196 2311 224 2368 in
242 2320 387 2388 posterum
406 2311 481 2370 intra
499 2310 570 2370 lines
588 2309 708 2368 alicuius
726 2306 870 2368 dioecesis
885 2305 1116 2378 consistentibus,

88 2397 177 2454 etiam
196 2395 220 2454 si
238 2395 341 2454 nullius
360 2392 504 2455 dioecesis
521 2395 568 2455 vel
587 2395 712 2474 exempti
731 2411 795 2452 esse
814 2391 956 2463 dicautur,
976 2391 1117 2470 cuiquam,

88 2482 138 2560 qui
157 2479 300 2558 regularis
322 2479 451 2541 subditus
473 2479 528 2542 sibi
546 2501 604 2540 non
622 2481 669 2550 sit,
688 2490 833 2539 tonsuram
855 2477 903 2538 vel
925 2476 1050 2538 minores
1070 2496 1118 2536 or·
1194 2551 1199 2558 .

89 2563 173 2625 diues
193 2566 342 2640 conferre,
362 2586 416 2627 nec
440 2567 494 2647 ipsi
513 2565 632 2626 abbates
651 2565 748 2625 etalii
767 2563 906 2643 exempti,
925 2572 975 2623 aut
993 2562 1118 2642 collegia

88 2651 134 2710 vel
154 2651 282 2730 capitula
300 2671 500 2732 quaecunque,
530 2654 616 2711 etiam
637 2651 825 2711 ecclesiarum
843 2647 1063 2718 cathedralium,
1083 2647 1118 2706 li-

89 2747 169 2797 teras
193 2734 369 2797 dimissorias
395 2737 535 2818 aliquibus
564 2737 680 2796 clericis
701 2734 912 2806 saecularibus,
939 2743 972 2792 ut
993 2732 1029 2793 ab
1053 2733 1119 2793 aliis

89 2821 274 2895 ordinentur,
303 2821 474 2883 concedant.
520 2820 579 2882 Sed
602 2822 703 2882 luorum
727 2822 850 2880 omnium
874 2817 1033 2888 ordinatio,
1056 2837 1119 2877 ser·

88 2909 164 2968 vatis
188 2907 330 2980 omnibus,
356 2928 428 2989 quae
451 2911 480 2967 iu
502 2907 585 2968 buius
608 2918 725 2967 sanctae
749 2903 852 2985 quodi
876 2904 1002 2964 decretis
1025 2904 1118 2963 conti·

89 2993 243 3068 nentur4),
262 2981 300 3053 'ad
318 2994 480 3075 episcopos,
499 2995 575 3053 intra
594 3013 712 3072 quornm
731 2989 875 3050 dioecesis
885 2989 956 3048 lines
966 2989 1114 3059 exsistant,

89 3080 249 3158 pertineat3
278 3099 334 3138 non
354 3079 531 3139 obstantibus
551 3077 696 3158 quibusvis
714 3074 888 3156 privilegiis,
911 3073 1118 3153 praescriptio·

89 3165 174 3223 nibus
197 3175 248 3223 aut
266 3163 533 3237 consuctudinibus,
557 3165 643 3224 etiam
666 3159 946 3222 immemorabilibus.
991 3157 1117 3220 Poenam

89 3269 205 3329 qnoque
233 3251 392 3329 impositam
415 3252 464 3322 iis,
492 3253 540 3330 qui
568 3259 672 3309 contra
693 3248 776 3308 buius
799 3253 924 3307 sanctae
939 3243 1042 3325 synodi
1065 3246 1116 3304 sub

89 3333 180 3394 Paulo
190 3333 243 3395 111.
263 3333 410 3396 decretum
420 3337 448 3410 ⁶)
468 3356 485 3395 a
505 3334 630 3416 capitulo
649 3334 807 3414 episcopali
825 3331 894 3394 sede
912 3341 1035 3391 vacante
1052 3332 1119 3391 lite·

89 3440 138 3481 ras
157 3419 334 3482 dimissorias
354 3423 523 3502 impetrant,
547 3419 583 3482 ad
602 3419 680 3494 illos,
700 3421 748 3501 qui
766 3418 881 3481 easdem
899 3419 998 3477 literas
1021 3436 1077 3476 nou
1098 3436 1117 3476 a

90 3692 97 3704 Ι
141 3639 220 3685 Sese.
235 3637 332 3703 ssxlll.
360 3642 380 3692 t)
396 3637 426 3684 ci.
437 3653 457 3684 c.
468 3643 487 3684 ί.
497 3639 528 3683 D.
539 3637 629 3683 txxt.
644 3640 720 3695 (conc.
732 3637 832 3730 sterilae.
841 3637 861 3680 2.
871 3633 1055 3730 ibcssnpoqqp
1066 3647 1086 3678 c.
1095 3637 1116 3680 3.

89 3688 1118 3832 :ld‘tf'tsltlt.‘allsatltaillt'tilaiffisttttqutlaa.itit

88 3789 1067 3896 llt.⁶.·2¹n¹v·.‘t:¹t;t²l:tlibi}-liatalitttal·latrabilem?
1081 3793 1130 3885 il?
1181 3875 1187 3894 ,

90 3896 181 3950 lul.)-
207 3894 342 3952 *temese
360 3897 626 3944 saul.e.³.t.tt.t2.-
650 3893 780 3951 t)Sess.V
817 3892 983 3938 c.t⁰.da.ret.
1121 3915 1129 3928 ν
