2654 4334
183 288 264 354 aas.
377 257 1012 356 coulsrrrurrouss,surronpq
1087 267 1097 308 ;

132 444 171 488 ars
185 447 321 498 excessus
345 438 422 488 tanto
443 426 610 507 ,diligentius
633 423 722 500 dehet
742 426 887 505 praelatus
908 443 1075 505 assurgere,
1102 437 1215 507 quanto

185 515 372 583 damnabilius
386 534 484 578 eorum
499 513 624 584 offensas
638 510 788 584 desereret
800 513 993 586 incorrectus3
1013 523 1114 572 contra
1129 533 1220 592 quos,

181 612 216 668 at
234 597 270 662 de
290 600 395 662 nostris
414 599 580 668 excessibus
598 609 738 670 taceatur,
758 599 812 672 etsi
827 597 919 658 trihus
931 595 1022 658 modis
1034 599 1126 678 possit
1142 619 1216 678 pro·

184 686 260 759 cedi,
279 706 333 767 per
350 687 563 746 accusationem
581 683 727 756 videlicet,
747 679 996 744 denunciationem
1011 684 1215 763 etinquisitio·

184 791 249 834 uem
268 792 378 844 conum,
402 781 433 830 ut
452 782 545 832 nmen
563 771 593 829 iu
611 769 740 829 omnihus
758 767 880 847 diligens
897 767 1069 830 adhiheatur
1086 771 1217 842 cautela,

185 876 222 918 nc
241 858 317 918 lorte
336 876 390 936 per
407 857 471 917 leve
490 853 689 935 compendium
712 853 749 916 ad
767 874 854 933 grave
874 853 1052 933 dispendium
1069 857 1216 932 reuiatur,

186 944 262 1002 sicut
282 943 495 1004 decusationem
519 942 646 1019 legitime
669 939 847 1019 praecedere
867 938 956 1000 dehet
976 941 1140 1020 inscriptio,
1170 942 1215 1001 sic

137 1059 142 1090 ι
166 1039 217 1092 „et
235 1026 486 1088 denunciationem
503 1027 653 1086 caritativa
676 1025 847 1097 admonitio,
875 1036 906 1085 et
921 1027 1135 1105 inquisitionem
1153 1027 1215 1088 cla·

186 1131 269 1177 mosa
285 1113 439 1172 insinuatio
457 1113 644 1192 praeuenire3
662 1113 713 1171 illo
732 1131 846 1192 semper
863 1109 992 1181 adhibito
1007 1109 1214 1184 moderamine,

186 1208 218 1259 ut
244 1199 324 1259 iuxta
350 1199 470 1260 formam
497 1197 596 1258 iudicii
627 1199 788 1257 sententiae
820 1215 931 1276 quoque
957 1197 1048 1256 ferma
1077 1195 1215 1258 dictetur.

187 1283 270 1344 lluuc
288 1293 382 1344 umen
402 1281 531 1343 ordinem
555 1285 635 1344 circa
657 1283 807 1360 regulares
828 1301 967 1362 personas
991 1301 1048 1342 nou
1071 1282 1218 1344 credimus

186 1387 388 1449 usquequaque
406 1366 590 1440 servandum,
621 1387 708 1447 qaae,
736 1388 819 1447 quum
839 1387 926 1439 causa
943 1369 1074 1446 requirit,
1101 1369 1217 1428 facilius

186 1465 218 1514 et
240 1455 358 1515 liberius
376 1474 393 1513 a
411 1455 470 1514 suis
486 1465 607 1534 pessunt
627 1451 921 1515 administrationibus
940 1455 1077 1512 amoveri.

529 1604 792 1669 INNOCENTlUS
816 1605 867 1666 ill.

238 1713 280 1761 Ex
296 1711 339 1761 lib.
357 1714 388 1762 V.
406 1713 593 1776 Decretalium,
614 1711 792 1826 titlxxxlll.
811 1711 842 1760 de
858 1710 1000 1774 privilegiis
1019 1714 1045 1759 et
1063 1725 1164 1760 excess.

612 1781 685 1827 rivie
704 1814 710 1826 .
730 1794 752 1826 c.
772 1781 812 1825 16.

478 1858 555 1915 (Sars.
564 1794 657 1904 xhsv.
672 1796 804 1902 desoletur.
819 1870 869 1914 esp.
880 1860 922 1908 11.)

275 1951 365 2026 Quum
385 1951 496 2032 capella
519 1948 600 2010 ducis
623 1948 806 2032 Burgundiae
833 1948 960 2028 gaudere
984 1948 1098 2009 dicatur
1120 1947 1219 2007 huius·

188 2033 266 2098 ruotli
288 2036 455 2116 privilegio,
484 2035 560 2116 quod
583 2037 674 2095 nullus
698 2035 932 2114 archiepiscopus
950 2034 996 2093 vel
1015 2035 1167 2114 episcopus
1188 2033 1220 2092 in

187 2141 327 2202 personas
346 2124 551 2183 canonicorum
575 2120 701 2182 eiusdem
726 2122 855 2200 capellae
878 2119 1074 2200 suspensionis
1095 2119 1143 2179 rel
1165 2137 1219 2178 cx·

190 2207 456 2267 communicationis
474 2217 523 2268 aut
546 2207 692 2268 interdicti
720 2206 876 2267 sententias
899 2202 1005 2266 audeat
1021 2203 1218 2284 promulgare,

189 2290 302 2372 quidam
321 2292 450 2372 capellae
469 2292 652 2374 supradictae
672 2293 818 2363 canonici,
847 2292 894 2372 qui
918 2290 1101 2370 parochiales
1118 2291 1219 2350 ecclc-

187 2379 246 2438 sias
264 2397 281 2436 a
299 2388 328 2437 te
346 2388 460 2449 tenent,
481 2380 635 2439 occasione
659 2378 802 2457 privilegii
824 2373 976 2457 praelibati
999 2375 1029 2434 in
1051 2375 1096 2436 his
1118 2377 1218 2446 etiam,

189 2482 306 2542 quarum
325 2459 487 2522 iurisdictio
506 2462 543 2523 ad
562 2473 590 2522 te
610 2464 750 2542 pertinet,
774 2465 814 2522 ita
837 2483 868 2523 se
887 2461 986 2522 dicunt
1004 2471 1216 2541 exemptosut,

189 2557 436 2628 quantumcunque
455 2549 583 2626 graviter
604 2545 745 2609 interdum
769 2546 926 2620 excedant,
949 2557 1016 2607 tuac
1038 2547 1220 2616 correctioni

188 2641 325 2693 recusent
347 2642 378 2692 et
399 2633 560 2692 sententiae
583 2632 744 2693 subiacere.
782 2633 926 2708 Quocirca
949 2629 1122 2704 mandamus,
1148 2651 1220 2711 qua·
1268 2645 1276 2653 '

187 2727 286 2790 muas,
314 2719 342 2777 in
371 2728 505 2798 quantum
531 2719 657 2798 exempti
684 2729 763 2791 sunt,
791 2717 917 2780 eiusdem
945 2719 1057 2778 ratione
1086 2717 1219 2796 capellae

188 2801 358 2883 apostolicis
375 2804 535 2884 privilegiis
553 2803 668 2865 deleres
687 2813 869 2878 reverenter,
894 2802 945 2864 scd
968 2803 997 2863 iu'
1017 2813 1150 2884 quantum
1170 2822 1220 2862 ra·

187 2977 335 3056 respicere
355 2973 575 3056 dignoscuntur,
604 2977 694 3036 oflicii
718 2977 758 3034 tui
781 2974 907 3036 debitum
929 2977 958 3035 in
981 2971 1099 3035 eosdem
1123 2972 1219 3034 lihcre
1325 2961 1326 3042 J

182 3064 382 3144 prosequaris.
475 3135 478 3142 ι

25 3187 35 3198 ’
135 3229 175 3272 m
255 3213 517 3277 marceamus
536 3215 586 3277 ιιι.
607 3213 648 3276 tu
666 3215 845 3276 caucaso
864 3211 1151 3276 maculasset.

186 3313 228 3365 Ex
244 3317 288 3368 lib.
306 3320 337 3370 V.
357 3319 545 3381 Decretalium,
568 3319 607 3368 tit.
625 3320 824 3436 {XXVlllizde
848 3318 1013 3380 poenitentiis
1033 3321 1058 3365 et
1082 3318 1219 3368 remissiu-
1325 3331 1326 3362 t

263 3397 265 3402 ’
290 3397 295 3404 “
606 3389 632 3435 ni
651 3403 689 3449 ua,
713 3402 735 3437 e.
789 3423 795 3436 .

105 3473 110 3480 ’
181 3553 184 3560 .
229 3481 307 3536 (sess.
316 3479 387 3528 xm.
398 3485 426 3528 de
436 3497 496 3528 sacr.
507 3483 574 3529 euch.
584 3497 634 3528 can.
645 3487 665 3529 9.
682 3489 706 3528 et
719 3483 783 3528 Sess.
794 3483 860 3530 XIV.
872 3486 900 3528 de
909 3497 969 3529 secr.
980 3484 1070 3541 poenit.
1080 3495 1131 3528 cun.
1141 3485 1174 3537 ⁸.)

274 3589 371 3650 Omnis
389 3595 535 3672 utriusque
553 3611 639 3656 sexus
657 3591 761 3666 fidelis,
781 3604 930 3673 postquam
944 3589 981 3654 ad
994 3612 1086 3654 anuos
1104 3591 1219 3656 ducre-

188 3674 276 3734 tionis
292 3678 468 3753 pervenerit,
491 3679 587 3739 omnia
604 3698 656 3738 sua
673 3679 751 3738 solus
769 3690 891 3757 peccata
904 3680 1077 3740 confiteatur
1091 3675 1220 3738 lidelitcr

188 3759 290 3818 saltem
305 3761 394 3820 nauel
412 3760 441 3821 in
458 3781 534 3822 anno
551 3765 670 3843 proprio
688 3763 845 3838 sacerdoti,
864 3775 894 3827 et
906 3763 1060 3826 iniunctam
1075 3764 1131 3824 sihi
1145 3783 1219 3844 poe·

190 3843 338 3902 uitandam
356 3842 470 3904 studeat
487 3866 539 3925 pro
556 3848 666 3910 virihus
683 3849 849 3928 adimplere,
869 3851 1027 3931 suscipiens
1045 3861 1219 3911 reverenter

190 3924 227 3984 ad
246 3929 337 3987 minus
355 3927 384 3986 iu
402 3926 513 3990 Pascha
534 3934 727 3996 eucharistiae
750 3947 973 4010 sacramentum,
1000 3936 1055 3996 nisi
1078 3937 1155 3996 forte
1178 3933 1216 3994 de
