2652 4330
155 327 158 336 ,
199 265 259 328 88
357 261 523 322 SESSIO
550 260 626 316 xm.
661 259 721 350 SE
747 257 1081 317 sucflhntsuta

202 406 329 468 dentiam
347 405 502 485 pertinent,
521 404 569 482 agi
586 412 617 462 et
633 403 754 462 tractari
773 400 895 476 debere}
919 421 954 462 ac
972 413 1070 462 mouet
1087 413 1118 462 et
1135 403 1238 464 horta-

203 504 251 552 tur
265 509 364 551 omues
376 501 484 570 patres,
498 499 530 548 ut
542 489 656 548 interim
666 487 780 548 Domini
793 490 886 548 nostri
896 486 961 548 lesu
971 486 1077 548 Christi
1092 492 1237 570 exemplo,

205 587 340 658 quantum
357 587 453 636 tamen
470 575 593 634 humana
614 574 758 652 fragilitas
774 574 914 654 patietur,
942 573 1056 633 ieiuniis
1078 585 1110 634 et
1127 579 1240 636 eratio-

204 663 288 722 nibus
304 671 423 734 vacent,
450 670 483 719 ut
499 658 614 719 taudem
631 658 774 739 placatus,
802 661 850 738 qui
872 659 901 718 in
918 657 1039 722 'saecula
1056 661 1095 718 sit
1116 661 1240 722 benedi·

205 757 277 820 ctus,
297 746 375 808 Deus
394 743 485 806 corda
502 744 645 803 hominum
664 743 701 803 ad
722 763 809 804 verae
828 763 896 803 snae
916 742 983 804 fidei
1001 746 1189 823 agnitionem,
1209 759 1241 807 et

200 828 322 892 ‘sanctae
347 833 445 891 matris
468 830 612 889 ccclesiae
635 830 786 900 unitatem,
813 847 849 887 ac
873 839 953 890 recte
977 828 1091 890 vivendi
1109 850 1239 892 normam

205 916 347 977 reducere
365 915 508 994 dignetur.
964 941 967 946 ·

569 1242 751 1293 ussto
780 1243 872 1292 Xffl.

514 1349 625 1401 QUAE
651 1348 732 1394 EST
760 1349 924 1395 TERTIA

338 1436 438 1502 SUB
474 1436 633 1503 lULIO
670 1435 730 1501 111.
765 1435 924 1502 PONT.
960 1437 1105 1516 ΜΑΧ.,

609 1559 838 1608 autmundus
1000 1616 1003 1620 ¹

494 1656 558 1700 ΜΕ
577 1655 626 1701 XI.
646 1655 829 1704 OGTOBRIS
849 1656 952 1703 munt.

220 1787 461 1836 DECBENJM
487 1787 540 1833 bs:
567 1785 865 1832 ssucrtsstntu
889 1786 1228 1837 nucuautsrtsn

571 1872 877 1920 SACRAMEN'PO.

294 1988 489 2050 Sacrosancta
507 1987 694 2047 oecumenica
712 1998 742 2045 et
760 1987 903 2064 generalis
917 1985 1086 2047 Tridentino
1104 1987 1239 2067 synodus,

208 2077 237 2134 in
261 2073 369 2155 Spiritu
398 2084 499 2134 sancto
526 2072 653 2152 legitime
682 2082 873 2150 congregata,
902 2070 1132 2151 praesidentibus
1159 2075 1188 2131 in
1207 2094 1242 2134 ea

209 2160 318 2222 eisdem
337 2169 454 2220 sanctae
473 2156 745 2234 sedisapostolicae
765 2158 862 2236 legato
877 2168 906 2216 ct
919 2159 1040 2229 nunciis,
1060 2160 1115 2218 etsi
1134 2159 1242 2221 ineunt

210 2247 294 2305 finem
313 2265 370 2306 nou
393 2243 500 2323 absque
518 2242 658 2320 peculiari
677 2239 800 2321 Spiritus
823 2244 915 2302 sancti
936 2242 1023 2303 ductu
1046 2254 1076 2303 et
1098 2245 1243 2322 guberna·

210 2333 290 2392 tiono
310 2330 492 2399 convenerit,
519 2337 551 2387 ut
566 2345 664 2387 veram
688 2336 718 2387 et
735 2329 877 2406 antiquam
900 2327 936 2388 de
955 2327 1012 2388 lide
1031 2341 1062 2389 et
1078 2349 1243 2391 sacramen·

210 2417 248 2474 tis
266 2414 426 2490 doctrinam
449 2423 621 2491 exponeret,
650 2421 681 2470 et
708 2423 739 2471 ut
765 2412 932 2472 haeresibus
955 2414 1097 2486 omnibns,
1126 2427 1157 2476 et
1179 2419 1242 2476 aliis

212 2501 386 2578 gravissimis
404 2497 602 2569 incommodis,
622 2497 722 2577 quibus
740 2497 795 2558 Ilei
813 2499 939 2559 ecclesia
957 2501 1062 2560 misere
1080 2521 1155 2561 nunc
1175 2522 1244 2564 exa·

211 2588 333 2666 gitatur,
353 2595 384 2645 et
400 2585 429 2643 in
448 2584 549 2643 multas
567 2603 602 2644 ac
620 2585 715 2654 varias
733 2595 830 2663 partes
849 2583 1001 2656 scinditur,
1025 2585 1181 2646 remedium
1201 2589 1244 2648 al·
1319 2613 1320 2628 ι

211 2673 313 2743 ferret,
332 2671 388 2729 hoc
406 2671 575 2748 praesertim
595 2670 651 2728 iam
668 2668 735 2728 inde
754 2688 772 2727 a
789 2671 931 2749 principio
949 2672 978 2730 in
995 2673 1071 2730 votis
1089 2673 1198 2742 habuit,
1212 2684 1245 2732 ut

213 2758 341 2835 stirpitus
359 2755 538 2815 convelleret
554 2755 704 2829 zizania1)
723 2755 943 2816 exsemahilium
958 2775 1087 2816 errorum
1106 2769 1137 2816 et
1154 2759 1245 2818 schis-

213 2853 327 2912 matum,
347 2860 419 2921 quac
438 2841 568 2900 inimicus
586 2840 671 2899 homo
690 2839 734 2900 his
752 2842 858 2900 uostris
877 2841 1050 2902 calamitosis
1068 2845 1245 2922 temporibus

100 2931 108 2943 ‘
212 2929 242 2990 iu
260 2926 393 2986 doctrina
412 2924 488 2998 lidei,
508 2945 559 2985 usu
577 2935 608 2984 et
626 2925 703 2984 cultu
717 2923 920 3006 sacrosanctae
936 2927 1126 2988 eucharistiae
1145 2949 1247 3009 super·
1319 2915 1320 2986 J

213 3015 377 3083 seminavit,
406 3031 488 3092 quam
510 3011 617 3090 alioqui
640 3008 775 3071 Salvator
797 3022 895 3072 noster
918 3014 946 3072 in
966 3014 1092 3073 ecclesia
1113 3033 1164 3072 sua
1183 3026 1247 3074 tau·

215 3119 297 3178 quam
320 3097 477 3178 symbolum
501 3098 617 3175 reliquit
639 3098 701 3157 eius
718 3099 834 3158 unitatis
857 3108 889 3157 et
914 3100 1056 3170 caritatis,
1084 3118 1139 3177 qua
1162 3099 1249 3160 Chri·

215 3186 444 3244 stianosnomnes
467 3184 543 3242 inter
569 3201 601 3242 se
625 3185 795 3245 coniunctos
821 3193 851 3243 et
878 3185 1027 3263 copulatos
1054 3203 1117 3244 esse
1144 3187 1247 3246 voluit.

215 3270 314 3350 ltaque
334 3266 436 3330 eadem
454 3277 640 3328 sacrosancta
658 3266 798 3346 synodus,
825 3288 922 3330 sanam
950 3280 982 3330 at
1003 3271 1145 3330 sinceram
1168 3272 1248 3332 illam

216 3354 252 3414 de
269 3353 428 3415 venerabili
446 3351 502 3411 hoc
520 3362 552 3412 et
569 3351 664 3412 divino
679 3353 871 3416 eucharistiae
886 3365 1066 3416 sacramento
1085 3355 1249 3416 doctrinam

215 3439 342 3511 tradens,
363 3457 445 3518 quam
463 3456 577 3518 semper
595 3438 738 3498 catholica
756 3440 891 3513 ecclesia,
911 3440 1027 3519 abipso
1046 3440 1111 3501 lesu
1130 3441 1248 3502 Christo

216 3522 339 3583 Domino
358 3533 457 3584 nostro
476 3532 507 3582 et
524 3525 585 3583 eius
602 3523 750 3602 Apostolis
769 3524 895 3598 erudita,
915 3537 999 3606 atque
1017 3545 1035 3584 a
1053 3523 1163 3606 Spiritu
1181 3548 1250 3588 sau-

217 3619 266 3669 cto
284 3609 325 3668 illi
349 3627 461 3668 omnem
484 3610 633 3669 veritatem
655 3612 685 3670 in
707 3609 769 3670 dies
791 3614 1003 3691 suggerente²)
1028 3610 1147 3686 edocta,
1175 3616 1250 3674 reti-

216 3697 291 3767 nuit,
311 3704 342 3754 ot
358 3692 396 3754 ad
414 3695 498 3755 linem
521 3714 609 3776 nsque
631 3697 740 3758 saeculi
764 3698 958 3770 conservabit,
986 3699 1115 3760 omnibus
1139 3697 1250 3760 Christi

217 3876 343 3973 ispzs.
363 3876 433 3924 xttt.
470 3883 490 3934 l)
509 3879 592 3926 Mutth.
610 3879 674 3927 xm
704 3883 738 3931 du.
752 3903 777 3914 -
811 3883 833 3936 2)
852 3879 1248 3928 nue.x11.ta.1mn.·11v.as.
