2654 4330
216 245 385 302 SESSIO
412 245 514 300 xxw.
550 246 609 300 DE
635 247 835 302 R'EFORM.
861 247 999 302 MATR.
1049 247 1125 316 Μ,

91 383 323 466 consequendae
343 397 454 458 caream
474 384 559 465 idque
576 387 606 444 in
625 406 660 445 eo
679 387 767 446 multo
791 388 881 465 magis
900 387 992 448 locum
1007 387 1121 460 lrabeat,

92 473 220 552 quinon
246 482 357 531 tantum
376 473 582 531 matrimonium
606 472 792 544 contrahere,
817 471 867 532 sed
887 474 972 532 etiam
992 492 1124 532 consum-

92 577 170 618 mare
195 575 289 616 ausus
307 558 402 616 luerit.
448 555 529 630 Quod
552 557 578 616 si
600 559 769 634 ignoranter
791 555 819 616 id
841 558 960 630 lecerit,
984 556 1122 636 siquidem
1183 559 1189 566 '

93 643 291 702 solennitates
313 643 465 721 requisitas
487 644 515 700 in
535 641 732 701 conmabeudo
752 643 931 702 nratrimonio
951 643 1122 720 neglexerit,
1221 641 1227 648 '

93 727 201 788 eisdem
222 727 398 802 subjiciatur
414 729 530 806 poenis3
554 747 610 786 non
630 729 704 787 enim
723 726 825 808 dignus
848 738 891 787 est
915 729 961 807 qui
980 728 1122 788 ecclesiae

93 813 308 891 benignitatem
327 814 413 873 facile
432 813 606 891 experiatur,
626 813 706 874 cuius
715 813 837 872 salubria
849 823 1004 894 praecepta
1015 822 1125 872 temere

95 900 284 976 contempstr.
339 897 371 956 Si
392 917 463 958 vero
491 898 709 957 solennitatibus
734 897 867 957 adhibitis
895 896 1124 978 impedimentum
1145 933 1152 947 ι

93 983 209 1062 aliquod
230 995 336 1062 postea
355 984 471 1044 subesse
490 994 696 1060 cognoscatur,
720 985 799 1042 cuius
817 983 866 1043 ille
884 981 1060 1062 probabilem
1080 983 1124 1062 ig·

94 1070 259 1128 norantiam
288 1067 399 1138 babuit,
428 1079 494 1126 tunc
518 1069 630 1128 lucilius
653 1088 714 1128 cnm
738 1087 773 1128 eo
797 1079 827 1128 et
848 1070 938 1146 gratis
965 1067 1124 1148 dispensari
1163 1068 1165 1079 '

94 1155 212 1231 poterit.
263 1153 297 1213 ln
318 1151 520 1213 contrahendis
543 1154 729 1214 matrimoniis
746 1154 793 1212 vel
811 1154 888 1214 nulla
907 1157 1021 1213 omnino
1040 1152 1125 1212 detur

95 1237 291 1317 dispensatio,
315 1241 465 1309 vulture,
493 1237 578 1317 idque
601 1258 638 1297 ex
661 1258 748 1298 causa
771 1249 801 1298 et
823 1240 913 1316 gratis
937 1237 1138 1300 concedatur..

96 1321 126 1380 ln
143 1323 279 1384 secundo
298 1322 389 1402 gradu
408 1344 547 1403 nunquam
566 1323 747 1402 dispensetur
764 1325 817 1382 nisi
836 1325 1125 1402 intermagnosprin-

95 1410 184 1486 cipes,
205 1419 237 1469 et
258 1409 297 1470 ob
315 1409 457 1489 publicam
479 1429 602 1482 causam.

350 1549 377 1596 G.
395 1547 437 1592 Vl.
473 1545 505 1594 In
522 1553 644 1606 ruptores
661 1545 886 1593 animadvertitur.

181 1632 328 1692 Decernit
358 1642 456 1690 sancta
489 1629 628 1708 synodus,
665 1633 740 1690 inter
771 1640 915 1709 raptorem
948 1639 979 1688 et
1005 1641 1123 1708 raptam,

97 1715 230 1794 quamdiu
260 1719 325 1796 ipsa
351 1717 379 1773 in
406 1727 549 1795 potestate
581 1718 706 1794 raptoris
734 1717 879 1786 manserit,
908 1716 1012 1774 nullum
1039 1735 1124 1794 posse

99 1803 260 1862 consistere
281 1803 499 1860 matrimonium.
546 1799 627 1872 Quod
652 1801 675 1858 si
698 1811 780 1878 rapta
802 1821 819 1860 a
841 1811 958 1878 raptore
982 1811 1123 1878 separata,

100 1889 173 1944 etin
192 1889 262 1947 loeo
282 1898 345 1946 tuto
365 1897 395 1946 et
412 1886 503 1945 libero
523 1877 677 1944 constituta
696 1885 773 1943 illum
791 1887 820 1944 in
838 1885 927 1944 virum
938 1885 1045 1944 babere
1056 1905 1125 1944 con·
1137 1909 1177 1950 m

100 1974 234 2044 senserit,
256 1993 320 2031 eam
339 1973 485 2050 raptorio
503 1989 620 2029 uxorem
640 1969 802 2045 babeatl),
823 1979 853 2028 et
875 1969 1056 2028 nibilominus
1079 1989 1125 2028 ra-

100 2060 202 2133 ptor²)
224 2060 289 2138 ipse
305 2077 340 2116 ac
360 2077 458 2116 omnes
476 2055 517 2115 illi
537 2055 694 2127 consilium,
714 2056 847 2114 auxilium
866 2054 1125 2133 etlavuremprae·

101 2137 210 2214 bentes,
239 2146 299 2203 sint
325 2143 386 2221 ipso
414 2144 475 2201 iure
503 2143 740 2200 excommunicati
767 2160 801 2200 ac
828 2151 967 2220 perpetuo
995 2141 1124 2212 infames,
1217 2169 1226 2178 ·

101 2227 282 2308 omniumque
307 2226 473 2306 dignitatum
492 2227 658 2305 incapaces,
688 2237 731 2297 et,
763 2229 787 2286 si
815 2227 914 2287 clerici
941 2226 1060 2297 fuerint,
1089 2225 1124 2286 de

103 2315 217 2390 proprio
238 2312 332 2392 gradu
350 2312 494 2374 decidant.
530 2312 674 2371 Tenentur
691 2322 843 2391 praeterea
860 2321 961 2390 raptor
979 2312 1124 2370 mulierem
1180 2380 1191 2392 ι

106 2408 226 2474 raptam,
246 2401 307 2459 sive
327 2419 389 2459 eam
408 2417 527 2458 uxorem
546 2395 660 2456 duxerit
681 2399 741 2456 sive
760 2417 818 2456 non
836 2395 963 2467 duxerit,
987 2395 1126 2456 decenter

102 2481 220 2542 arbitrio
240 2483 345 2544 iudicis
363 2484 463 2544 dotare
473 2484 513 2558 3).

301 2641 329 2687 G.
347 2640 398 2684 Vll.
445 2637 513 2699 Vaga·
528 2641 692 2684 enutrimenta
711 2644 787 2685 caute
804 2639 931 2700 ιἰιιιςειιᾰιὶ

185 2723 271 2784 lllulti
289 2733 363 2795 sunt,
384 2723 429 2801 qui
447 2732 587 2799 vagantur
605 2731 635 2782 et
652 2723 777 2781 incertas
795 2722 901 2782 babent
919 2723 1017 2794 sedes,
1037 2734 1077 2796 et,
1095 2732 1127 2783 ut

106 2803 225 2883 improbi
244 2819 309 2868 sunt
327 2809 449 2886 ingenii,
473 2809 563 2886 prima
581 2827 670 2866 uxore
690 2807 792 2865 relicta
809 2809 893 2867 aliam
912 2818 942 2867 et
958 2810 1125 2887 plerumque

107 2889 198 2963 plures
221 2895 271 2953 illa
289 2895 402 2952 vivente
426 2889 545 2951 diversis
568 2893 596 2949 in
620 2893 692 2951 locis
715 2890 830 2950 ducunt.
875 2893 928 2951 Cui
951 2891 1051 2951 morbo
1077 2913 1127 2952 cu-

108 2974 185 3048 piens
203 2977 447 3057 sanctasynodus
467 2994 637 3048 occurrere,
658 2995 769 3047 omnes,
789 2974 826 3034 ad
845 2996 915 3055 quos
933 2987 1054 3056 spectat,
1074 2997 1126 3056 pa-

110 3065 186 3120 terne
205 3074 316 3134 monet,
336 3083 372 3122 ne
391 3063 446 3121 boc
470 3081 560 3139 genus
578 3062 720 3121 bominum
742 3063 903 3138 vagantium
927 3061 963 3120 ad
981 3063 1127 3121 matrimo-

111 3143 181 3202 nium
204 3149 290 3208 l'aeile
313 3149 469 3228 recipiant;
493 3149 674 3224 magistratus
697 3148 781 3206 etiam
804 3147 967 3206 saeculares
986 3148 1126 3219 bortatur,

110 3237 140 3283 nt
156 3243 205 3290 eo's
224 3252 325 3294 severe
346 3242 511 3293 coerceant.
556 3231 695 3292 Parochis
718 3231 810 3293 autem
830 3233 983 3312 praecipit,
1008 3251 1044 3292 ne
1062 3234 1128 3292 illo-

113 3329 169 3372 rum
187 3319 373 3378 matrimoniis
391 3319 536 3388 intersint,
565 3318 618 3376 nisi
635 3320 714 3397 prius
733 3317 897 3396 diligentem
916 3318 1127 3398 inquisitionem

114 3393 245 3474 iecerint,
269 3413 299 3462 et
321 3423 353 3464 re
377 3402 412 3463 ad
437 3401 609 3462 ordinarium
628 3402 724 3462 delata
750 3403 785 3462 ab
809 3424 844 3464 eo
868 3404 1011 3464 licentiam
1034 3402 1062 3462 id
1085 3396 1147 3462 ia?

117 3481 205 3545 ciendi
223 3489 407 3549 obtinuerint.

114 3621 317 3643 ,κ’-

162 3701 238 3746 ss...
252 3705 343 3749 xxiv.
371 3708 390 3756 ι)
405 3703 514 3749 onere.
526 3706 614 3749 auen.
626 3703 855 3748 atrr.c.xxxv1.
881 3719 903 3748 u.
917 3708 973 3748 a·
987 3718 1007 3749 e.
1021 3677 1087 3748 nx.
1099 3705 1126 3746 as

115 3753 170 3801 rtpt.
180 3751 207 3796 V·
222 3759 253 3802 tl.
268 3758 359 3812 (lnnoe.
369 3757 427 3808 ΙΙΙ.)
440 3778 467 3790 ·-
491 3759 514 3810 2)
529 3755 560 3800 ef.
575 3770 595 3800 e.
605 3759 624 3799 2.
640 3755 788 3809 (symmach.)
804 3770 825 3800 e.
837 3718 949 3810 eleum.
963 3755 1056 3809 Aurel.)
1071 3769 1091 3797 c.
1105 3757 1128 3797 t.

115 3799 171 3853 (etp.
180 3802 297 3872 astringe)
311 3823 331 3851 ι,
341 3811 361 3850 5.
377 3808 434 3856 (Gru
450 3821 486 3850 or.
495 3807 538 3860 u.)
553 3810 603 3851 md.
617 3811 692 3862 (cone.
703 3807 780 3850 Parin.
805 3821 825 3850 e.
837 3810 868 3850 1⁰.
883 3806 1050 3870 (eune-Medd.)
1064 3821 1084 3848 e.
1095 3808 1126 3847 ll.

114 3853 310 3954 ledddbllql'd'ffi')
322 3862 347 3903 C.
358 3819 475 3902 ffll'l.
485 3871 523 3914 qu.
533 3861 553 3903 ².
564 3881 590 3892 -
615 3861 636 3910 ³)
651 3857 726 3900 Exod.
741 3810 823 3901 xtlu.
838 3861 869 3901 16.
884 3871 933 3912 neq.
949 3864 989 3901 ert.
999 3872 1024 3900 ιιι
1034 3872 1053 3899 c.
1064 3861 1083 3899 t.
1093 3855 1127 3898 X.
