2652 4330
308 239 935 314 snssmvrnnrusrrrrcnr.
1086 253 1137 314 as

103 403 206 480 scopis
225 411 255 460 ct
273 399 426 460 ordinariis
446 401 584 469 locorum,
604 399 761 477 privilegiis
780 399 993 478 quibuscunque
1008 415 1066 456 noo
1085 395 1137 455 ob·

99 486 260 558 stantibus,
279 487 448 565 opportunis
466 481 602 544 remediis
621 485 736 544 omniun
755 496 917 544 arceantur.

448 615 551 660 indictio
564 615 658 659 Iuturna
669 613 792 659 sessionis.

188 691 261 752 ltem
284 691 356 751 haec
380 699 567 750 sacrosancta
590 687 717 768 synodus
740 690 840 748 statuit
857 697 887 747 et
905 687 1053 762 deceruit,
1077 691 1137 769 pri·

96 796 174 835 mam
201 777 325 837 futuram
352 778 509 836 sessionem
536 773 689 834 tenendam
716 784 746 833 et
773 771 977 833 celebrantium
1000 792 1064 833 csse
1088 774 1136 834 die

99 861 187 932 lovis,
208 863 281 919 lenia
300 862 397 937 quinta
415 872 482 934 post
499 863 602 920 testum
621 859 656 920 ll.
679 859 778 919 lacobi
795 857 940 939 Apostoli.
968 933 971 940 Ι

187 947 359 1022 Proroguto
387 941 493 1001 decede
507 935 575 1016 suit
591 939 681 998 sessio
706 947 747 999 od
765 946 840 1000 diem
858 945 943 1005 XIII.
962 945 1070 1003 mensis
1086 945 1136 1004 Ia·

98 1035 216 1106 neerei,
235 1029 419 1092 MIIIILVII.

425 1253 606 1305 sussro
640 1253 811 1319 eux-ru,

501 1353 729 1400 CELEBRATA

316 1447 371 1492 DIE
385 1447 456 1491 xttl.
471 1447 590 1493 MENSlS
603 1445 755 1496 taNUstttt
769 1448 917 1493 leXLVlI.

256 1551 497 1624 raedarum
523 1580 576 1624 ns
603 1579 982 1627 susr1u1csrrosu.

538 1671 694 1716 Prooemium.

186 1747 276 1820 Quum
294 1746 351 1806 boc
370 1758 500 1825 tempore
519 1767 576 1805 uon
595 1749 656 1806 sine
676 1748 825 1806 multarum
844 1748 1001 1810 animarum
1020 1749 1133 1809 iactura

97 1843 130 1892 et
155 1833 237 1910 gravi
265 1832 482 1892 ecclesiasticae
510 1834 627 1892 unitatis
650 1832 823 1893 detrimento
845 1851 969 1894 erronea
993 1834 1167 1922 quaedamau

97 1917 283 1977 disseminata
308 1918 346 2000 sit
368 1915 404 1976 de
428 1917 632 1976 iustificatione
655 1917 802 1989 doctriua,
830 1916 866 1977 ad
890 1918 1002 1979 laudem
1021 1931 1051 1979 et
1068 1921 1133 1998 glo-

96 2006 171 2064 riam
191 2003 395 2081 omnipotentis
414 2001 483 2073 Dei,
511 2003 656 2062 ecclesias
674 2004 909 2083 tranquillitatem
928 2015 959 2063 et
976 2006 1132 2064 animarum

96 2090 221 2150 sulutem
244 2097 432 2147 sacrosancta
457 2089 644 2148 oecumenica
663 2100 694 2148 et
710 2090 855 2168 generalis
874 2088 1043 2150 Tridentino
1065 2111 1133 2171 syn·

97 2174 186 2247 odos,
205 2175 235 2232 in
255 2171 364 2254 Spiritu
382 2184 481 2234 sancto
501 2175 627 2252 legitime
647 2186 835 2255 congregata,
853 2174 1083 2255 praesidentibus
1101 2178 1131 2236 in

97 2282 133 2322 eu
157 2261 272 2320 nomine
291 2261 463 2321 sanctissimi
480 2262 509 2319 in
528 2261 643 2321 Christo
662 2263 751 2341 patris
770 2273 800 2322 et
818 2261 925 2322 domini
944 2265 1050 2334 nostri,
1078 2263 1132 2322 do-

98 2348 165 2406 miui
188 2346 284 2416 Pauli,
312 2345 408 2406 diviua
434 2344 616 2426 providentia
639 2346 734 2427 Papae
762 2349 855 2418 tertii,
876 2346 1131 2408 reverendissimis

98 2433 230 2502 dominis,
248 2430 371 2491 dominis
390 2431 432 2490 lo.
446 2432 538 2492 Maria
558 2435 696 2513 episcopo
712 2432 900 2493 Praenestino
919 2431 1081 2504 tentante,
1101 2444 1132 2494 et

96 2517 238 2578 Marcello
260 2519 305 2576 tit.
326 2515 356 2575 S.
377 2515 477 2577 Crucis
500 2520 529 2578 in
548 2519 704 2578 Ierusalem
723 2519 911 2598 presbytero,
934 2529 1053 2578 sauctae
1072 2518 1130 2578 tto-
1162 2517 1165 2528 '

98 2623 199 2664 manae
222 2603 367 2662 ccclesiae
391 2602 584 2663 cardinalibus
607 2614 638 2664 ct
659 2605 828 2684 apostolicis
846 2603 883 2664 de
902 2604 995 2664 latere
1014 2604 1129 2681 legatis,

97 2707 244 2770 exponere
272 2686 394 2748 intendit
421 2690 550 2750 omuibus
568 2689 675 2750 Christi
700 2689 832 2750 fidelibus
854 2708 951 2749 veram
974 2708 1129 2768 sanamque

97 2775 257 2834 doctrinam
280 2775 369 2853 ipsius
393 2775 617 2847 iustificationis,
645 2795 727 2855 quam
747 2776 790 2834 sol
809 2777 935 2836 iustitiae
949 2777 978 2850 1)
999 2775 1130 2835 Christus

97 2862 191 2933 lesus,
219 2859 286 2919 lidei
304 2870 421 2920 nostrae
443 2871 545 2920 auctor
563 2871 593 2920 et
611 2863 881 2934 consummator²)‚
909 2859 1022 2933 docuit,
1049 2860 1130 2940 Apo-

97 2947 163 3006 stoli
186 2944 382 3016 tradideruut‚
411 2954 441 3003 et
464 2946 607 3007 catholica
630 2947 757 3007 ecclesia
776 2943 885 3022 Spiritu
903 2957 1005 3004 macto
1024 2963 1131 3022 sugge-

98 3043 180 3092 rente
209 3041 351 3111 perpetuo
381 3029 513 3102 retinuit3
547 3029 705 3091 districtius
731 3025 903 3098 inhibendo,
932 3046 968 3085 ue
992 3027 1131 3108 deinceps

98 3118 203 3177 audeat
221 3118 366 3197 quisquam
386 3115 472 3175 aliter
489 3113 625 3186 credere,
649 3112 819 3194 praedicare
837 3123 888 3171 aut
905 3111 1028 3184 docere,
1049 3131 1130 3190 quam

96 3205 243 3282 praesenti
262 3201 383 3262 decreto
401 3201 536 3259 statuitur
553 3219 588 3258 ac
607 3198 781 3259 declaratur.

157 3345 184 3390 G.
201 3343 218 3388 l.
242 3340 284 3387 Dc
293 3347 408 3388 naturae
417 3346 443 3388 et
454 3341 516 3402 Iegis
526 3339 563 3388 ad
570 3336 750 3400 iustificandos
760 3337 874 3386 domim
884 3336 1071 3384 Imbecilla'tats.

182 3425 308 3486 Primum
331 3424 462 3486 declarat
483 3437 583 3486 sancta
605 3424 745 3505 synodus,
773 3423 809 3484 ad
827 3423 1039 3483 iustificationis
1062 3419 1130 3484 doc·

98 3514 201 3572 trinam
224 3511 315 3591 probe
334 3522 364 3571 ct
381 3513 495 3572 sincere
518 3511 734 3592 intelligendam
753 3519 905 3590 oportere,
932 3518 964 3569 ut
980 3511 1129 3590 uuusquis-

99 3617 152 3677 que
171 3606 314 3677 aguoscat
331 3608 362 3657 ct
378 3598 514 3668 ineatur,
525 3598 610 3677 quod,
631 3615 714 3677 quum
733 3615 832 3656 omues
849 3596 979 3657 homines
997 3597 1026 3654 in
1044 3614 1129 3674 prau-
1235 3627 1236 3630 κ

98 3684 277 3744 varicatione
290 3681 373 3743 Adae
388 3685 580 3744 innocentiam
595 3682 789 3763 perdidissent
801 3683 841 3758 ⁸),
859 3683 930 3742 iacti
944 3679 1078 3742 immundi
1087 3681 1128 3754 ⁴),

151 3869 229 3914 Sena.
245 3869 287 3914 vl.
312 3873 333 3925 t]
344 3869 443 3914 Malacb.
458 3867 500 3915 tv.
514 3871 534 3914 2.
549 3891 574 3902 -
586 3871 611 3923 2)
625 3868 697 3912 liebr.
711 3865 769 3910 xlt.
783 3869 803 3910 2
814 3870 869 3920 —bt
884 3867 949 3909 Rom.
962 3863 988 3905 V.
1000 3865 1032 3904 12.
1051 3861 1126 3904 teor.

100 3918 153 3964 XV.
163 3924 196 3964 π.
207 3943 231 3956 -
240 3927 262 3974 t)
274 3921 319 3966 isa.
331 3921 418 3965 extit.
427 3925 448 3966 t.
