2654 4334
274 209 431 268 nunus
457 213 551 268 sne.
579 213 711 269 unes..
739 203 877 270 name.
903 222 956 271 ece.
1060 219 1135 277 sao
1181 189 1195 290 ’,

105 353 256 435 obligare,
276 353 325 414 ills
340 354 527 433 praesertim,
550 365 772 436 qnne'tempora
794 367 876 418 certa
893 359 1084 437 praestituunt
1099 356 1136 418 ad

105 441 303 523 provinciales
327 437 570 521 dioeceseonque
594 441 720 523 synodos
740 441 942 514 celebrandas,
975 441 1011 502 ad
1028 457 1137 506 'saeros

106 527 227 588 ordines
245 525 452 605 suscipiendos,
471 525 507 584 ad
526 527 695 605 religionem
715 526 913 607 prolitendam,
932 526 969 590 ad
982 531 1136 608 parocbia·

107 615 151 674 les
169 613 313 673 eeclesias
331 613 442 692 aliaque
453 612 594 671 beneficia
608 613 817 684 ecclesiastica,
837 634 908 694 quae
927 614 1054 674 eiusdem
1067 637 1137 676 cnu-

107 701 169 760 cilii
188 697 317 758 decretis
335 699 454 758 retineri
472 698 645 778 prohibitum
669 701 719 770 sit,
738 698 925 777 resignanda,
950 710 981 760 et
1003 699 1039 760 ad
1058 722 1137 764 cont·

106 785 207 864 plnres
229 804 277 844 res
299 782 458 844 huiusmodi
477 783 688 863 exsequendas,
715 805 749 845 ac
773 786 844 844 alias
870 803 969 846 omncs
991 785 1029 846 ad
1051 805 1139 866 prue-

107 868 216 947 dictam
247 870 480 930 reformationem
513 871 612 950 iusque
644 873 793 951 positivum
826 882 933 930 tantum
961 883 1136 951 spectantes,

106 975 183 1036 qnae
211 955 360 1016 observari
386 965 436 1015 ant
457 956 559 1015 evitari
582 955 716 1018 debcant.
768 955 831 1017 Nos
854 959 963 1036 itaque,
991 968 1023 1016 ut
1045 962 1136 1019 omnis

106 1043 310 1102 controversia
337 1035 536 1120 dubitatieque
564 1043 695 1114 tollatur,
724 1053 802 1102 motu
828 1045 946 1123 proprio
975 1063 1037 1104 eam
1064 1065 1134 1116 rem,

105 1138 195 1207 prout
213 1127 333 1200 rationi,
352 1127 410 1188 iuri
429 1137 459 1187 et
476 1129 613 1206 aequitati
632 1130 787 1188 convenire
808 1130 981 1201 censuimus,
1005 1128 1135 1190 duximus

105 1212 323 1273 declarandam.
368 1212 442 1274 Nam
465 1214 520 1274 etsi
537 1213 625 1293 ipsius
644 1214 761 1274 concilii
779 1212 908 1286 decreta,
928 1216 1013 1274 etiam
1033 1213 1068 1275 de
1085 1236 1136 1276 ve·

105 1299 279 1358 nerabilium
298 1301 415 1368 fratrum
435 1309 597 1358 nostrorum
616 1310 732 1359 sanctae
743 1299 888 1360 Romanae
908 1300 1052 1360 ecelesiae
1072 1321 1136 1361 car·
1148 1321 1185 1362 ans

101 1383 245 1444 dinaliunr
274 1386 395 1445 consilio
423 1396 454 1444 et
480 1404 606 1456 asmnsu,
635 1387 663 1443 in
692 1387 865 1445 consistorio
892 1396 992 1446 nostro
1019 1399 1136 1448 secreto

102 1471 280 1530 confirmata
297 1491 314 1530 a
333 1471 415 1530 nobis
430 1471 545 1530 fuerunt
562 1470 613 1530 snb
632 1471 717 1530 finem
735 1473 840 1532 mensis
850 1471 984 1542 Ianuarii,
1001 1483 1030 1532 et
1044 1473 1079 1532 ab
1100 1493 1135 1533 eo

107 1558 197 1614 etiam
225 1567 354 1636 tempore
383 1554 458 1637 apud
485 1557 558 1615 banc
582 1567 709 1615 sanctam
732 1554 830 1616 sedem
854 1557 1001 1616 observari
1030 1578 1137 1638 eoepe-

105 1653 184 1713 runt,
205 1644 270 1720 quia
289 1653 459 1702 tamennon
477 1661 576 1721 parum
594 1644 731 1722 temporis
750 1644 779 1700 in
798 1643 839 1700 eis
854 1641 962 1702 Romae
981 1641 1137 1722 diligenter

99 1726 317 1808 emendataque
332 1726 525 1806 imprimendis
538 1729 709 1786 ¹necessario
730 1737 924 1806 consumptum
943 1729 1005 1798 luit,
1025 1739 1055 1787 et
1073 1729 1134 1790 iure
1202 1731 1205 1738 '

105 1814 195 1872 etiam
212 1813 352 1873 communi
371 1814 509 1872 sancitum
528 1821 581 1883 est,
601 1822 632 1870 ut
642 1813 861 1871 constitutiones
880 1833 971 1873 novae
989 1814 1044 1872 vim
1064 1834 1136 1873 non·

106 1899 163 1957 nisi
186 1910 253 1979 post
275 1909 518 1978 eertum-tempus
541 1896 703 1968 obtineant,
727 1917 847 1977 aequum
870 1899 953 1958 nohis
976 1908 1007 1956 et
1032 1900 1133 1958 iustum

104 1985 198 2043 risum
217 1995 276 2055 est,
294 1983 444 2064 praedicta
463 1983 582 2043 decretu
605 1984 699 2041 omnin
722 1981 882 2058 addictam
900 1985 1135 2044 reformationem

105 2072 209 2150 iusque
228 2073 380 2150 positivum
399 2069 538 2130 duntaxat
555 2071 724 2148 spectantia,
744 2089 761 2126 a
780 2067 902 2128 Kalend.
917 2069 986 2128 Maii
1005 2070 1134 2147 proxime

104 2159 260 2236 praeteriti
279 2157 377 2216 cinnes
396 2157 526 2233 obligare
545 2157 692 2234 coepisse,
716 2167 810 2234 neque
826 2166 892 2233 post
910 2174 972 2214 rann
991 2153 1065 2214 ἁὶιιιι
1083 2174 1136 2216 ex·

104 2245 286 2304 cusationem
319 2243 499 2321 cuiusquam,
532 2241 607 2320 quod
634 2259 670 2300 ea
697 2241 887 2318 ignoraverit,
920 2239 1133 2312 admittendam,

101 2339 194 2408 -atqne
218 2331 259 2387 isa
276 2329 436 2408 apostoliea
459 2329 632 2386 anctoritate
656 2324 891 2386 declanenae
914 2324 1076 2396 delinimus,
1105 2339 1135 2386 et

107 2415 145 2474 ab
169 2414 299 2474 omnibns
321 2411 444 2474 indicari
468 2412 576 2472 debers
599 2411 764 2471 menclaum
785 2419 872 2491 atque
894 2412 1055 2483 ιιιιιιίιιιιιις
1083 2410 1134 2472 de-

106 2511 264 2560 cernentes
282 2501 392 2559 irritnm
416 2509 446 2559 et
464 2501 564 2569 inane,
583 2497 692 2577 siquid
710 2511 830 2558 mensa
849 2517 989 2577 quoquam
1009 2515 1134 2577 quaeum
1220 2509 1225 2514 ’

107 2603 164 2664 qne
183 2585 339 2665 dignitate,
358 2586 532 2644 auctoritate
556 2591 586 2644 et
603 2594 748 2662 potestate
765 2582 898 2662 praedite
917 2585 1074 2662 eontigerit
1091 2586 1134 2644 iu·

107 2671 216 2745 dicari,
236 2689 293 2730 een
312 2671 490 2730 obstantibus
509 2669 762 2730 eonstitmienibus
778 2681 810 2731 et
826 2669 1053 2729 ordinationibus
1063 2689 1133 2748 apo-

26 2811 29 2820 .
106 2759 228 2830 stolicis,
248 2759 368 2837 aliisque
378 2759 408 2816 in
419 2757 592 2816 centrarium
607 2755 782 2814 iacientibus
796 2755 1019 2834 quibuscunque.
1055 2753 1132 2815 Nulli

102 2843 459 2922 ergoemninelreminom
478 2837 566 2902 licent
583 2841 657 2900 bane
675 2841 808 2919 paginam
826 2852 941 2900 uoetrae
960 2839 1134 2902 declaratio·

107 2931 162 3002 nis,
182 2928 370 3002 definitionis,
389 2925 528 2999 mandati,
551 2927 649 2986 statuti
669 2936 700 2985 et
716 2925 829 2984 decreti
845 2925 1020 3003 infringere,
1041 2927 1088 2984 rel
1106 2926 1133 2984 ei

106 3017 179 3074 aare
197 3017 352 3075 temeratio
371 3014 526 3074 contraire
572 3011 604 3072 Si
622 3013 686 3092 quir
702 3021 796 3070 nutem
815 3010 870 3070 boc
889 3021 1031 3071 attentare
1049 3029 1135 3089 prae·

108 3103 270 3182 sumpserit,
289 3098 516 3180 indignationem
537 3097 739 3198 omnipotentis
758 3095 813 3156 llei
830 3117 866 3157 aa
884 3097 1033 3157 beamrnsn
1055 3095 1134 3156 Petri

103 3195 139 3247 et
157 3183 240 3248 Panlr
247 3185 452 3266 Apostolorum
466 3185 530 3244 ιὶιιι
545 3201 578 3244 se
595 3184 710 3242 noverit
725 3184 913 3242 incursurum.
950 3181 1015 3242 Dat
1026 3181 1133 3242 Romae

107 3273 187 3352 apud
200 3281 328 3332 sanctam
338 3271 464 3342 Petram,
483 3286 561 3328 anne
573 3267 784 3328 incarnationis
796 3267 957 3329 dominicae
972 3264 1181 3338 llllleVff

106 3357 172 3418 XV.
193 3359 258 3420 ital.
277 3357 413 3440 bugasti,
433 3355 624 3425 Pentillsetus
638 3356 729 3413 notui
747 3366 825 3412 anno
839 3353 876 3414 V.

494 3439 563 3500 rat.
581 3438 670 3500 eard.
685 3431 843 3499 bursius.

747 3525 819 3584 Cae.
836 3522 1046 3614 Glorierius.

624 3607 660 3672 Η.
679 3613 816 3690 Campo.

126 3711 130 3718 '
215 3701 455 3781 liegistretaape
454 3699 680 3760 dllaesarens
697 3694 902 3756 Semetanium.

175 3787 288 3866 Arae
311 3803 350 3847 n
348 3788 520 3847 Neeot't'cte
533 3783 660 3843 bomiri
676 3781 855 3852 tremite,
879 3781 1041 3842 ιἰιιὰιιίηε
1068 3781 1131 3838 th
1146 3796 1185 3838 aas
1275 3850 1290 3870 .

106 3858 162 3936 dt'r
175 3871 247 3936 nero
264 3871 346 3938 XX.
354 3875 461 3934 menete
477 3873 555 3943 lulis,
567 3869 770 3946 Postfiotttus
786 3869 966 3928 sonetr'setina'
973 3868 1004 3926 ιἰι
1018 3866 1132 3926 centn
