2648 4336
410 249 535 303 DAMN.
553 249 642 304 SYN.
659 249 823 308 risuum
1048 257 1135 316 m

90 385 151 448 ille
175 388 309 446 sustinuit
331 408 348 449 a
370 388 574 468 peccatoribus
601 388 749 449 adversum
773 394 955 472 semetipsum
979 395 1126 456 contradi·

94 475 238 543 ctionem,
257 483 341 533 utne
365 474 510 534 laboribus
529 486 558 533 et
572 475 708 553 periculis
723 473 872 554 defatigati
891 477 1055 540 deficiamus
1073 482 1127 541 ali-

93 555 215 638 quando
247 558 347 617 animis
380 561 499 631 nostris,
531 579 680 640 paeneqne
714 559 906 622 concidamus.
958 563 1018 624 llac
1050 567 1127 625 saln-

92 643 226 702 berrima
245 644 421 721 cogitatione
440 645 541 705 muniri
566 666 619 705 nos
641 666 678 705 ac
699 647 780 707 reici
804 657 861 706 tum
879 650 999 709 maxime
1023 670 1126 711 neces·

93 749 160 788 sum
186 738 243 799 est,
272 747 355 807 quum
378 729 513 790 adversus
537 750 641 809 corpus
663 733 813 811 ipsummet
834 731 954 806 Christi,
982 733 1057 813 quod
1081 747 1130 796 est.

94 814 273 890 ecelesia2),
303 813 384 874 dirae
410 816 491 876 istius
518 836 571 876 nec
599 836 719 895 unquam
747 816 892 877 desiturae
920 821 1125 880 coniurationis

94 909 199 958 aestus
223 899 318 958 acrius
340 899 517 973 exardescit,
547 911 577 960 nt
599 921 616 960 a
635 902 756 961 Domino
780 904 949 974 confortati,
974 916 1004 965 et
1025 908 1055 964 in
1072 927 1126 985 po·

94 985 194 1044 tentia
215 985 327 1043 virtutis
350 987 425 1057 eins,
449 997 530 1046 scuto
550 984 618 1047 fidei
637 988 761 1067 protecti
779 989 915 1048 resistere
937 991 1077 1068 possimus
1095 993 1125 1049 in

96 1065 148 1128 die
178 1069 252 1128 malo
271 1079 301 1128 et
319 1072 412 1129 omnia
435 1071 493 1129 tela
516 1071 681 1150 iniquissimi
704 1075 790 1150 ignea
813 1073 1042 1154 exstinguereil.
1092 1073 1125 1134 ln

94 1155 158 1212 hoe
178 1173 246 1212 sane
266 1166 344 1213 motu
361 1166 534 1234 temporum,
558 1158 586 1214 in
605 1156 658 1215 hac
678 1177 771 1216 rerum
792 1158 1036 1237 perturbatissime
1054 1179 1124 1218 con-

92 1240 234 1298 versione
250 1242 345 1316 gravis
359 1251 404 1298 est
418 1239 531 1319 quidem
545 1241 628 1300 bonis
643 1242 772 1302 omnibus
791 1254 893 1304 contra
912 1251 1010 1305 omues
1030 1246 1125 1304 cuius·

92 1324 300 1404 quegeneris
323 1325 476 1384 Christiani
500 1327 621 1383 nominis
647 1325 746 1384 hostes
773 1326 939 1386 colluctatio
967 1327 1122 1400 subeunda3

10 1421 11 1426 ’
92 1411 217 1487 gravior
238 1408 334 1479 nobis,
363 1409 463 1488 quibus
480 1429 533 1488 pro
557 1407 668 1468 credita
685 1411 823 1489 pastorali
842 1421 958 1470 nostrae
984 1413 1124 1473 sollicitu-

93 1494 158 1553 dini
177 1495 275 1572 gregis
293 1495 380 1552 totius
399 1514 468 1553 cura
487 1505 517 1552 et
535 1493 733 1555 moderatione
752 1497 844 1556 maior
861 1499 972 1556 cunetis
986 1496 1125 1556 Christia-
1212 1541 1216 1558 .

92 1598 154 1638 nae
176 1579 326 1655 religionis
348 1579 427 1638 ze'lus
450 1579 630 1650 incumbit4).
676 1579 781 1638 Verum
805 1581 834 1638 in
862 1581 914 1640 bac
939 1583 1000 1659 ipsa
1027 1583 1123 1642 oneris

94 1663 255 1742 gravitate,
280 1681 351 1741 qnae
375 1663 499 1724 humeris
523 1666 628 1723 uostris
646 1665 779 1743 imposita
800 1674 858 1735 est,
881 1664 1015 1743 portandi
1034 1685 1125 1726 onere

94 1748 236 1819 omnium,
261 1750 308 1826 qni
327 1760 496 1826 gravantur,
520 1767 575 1828 quo
595 1751 684 1827 magis
704 1750 813 1808 conscii
832 1747 914 1808 nobis
932 1769 1026 1811 sumus
1044 1751 1125 1811 inhr-

94 1835 205 1894 mitatis
229 1843 359 1904 nostrae,
384 1854 424 1894 eo
444 1835 597 1893 firmiorem
620 1837 648 1892 in
672 1853 750 1912 spem
772 1835 859 1912 erigit
877 1855 929 1894 uos
947 1845 978 1893 et
994 1835 1125 1896 sublevat

94 1920 252 1998 apostolici
278 1919 397 1980 huiusce
420 1921 543 1980 muneris
565 1920 594 1978 in
617 1939 741 1997 persona
763 1918 796 1978 lt.
821 1917 901 1977 Petri
924 1918 1057 1978 divinitus
1079 1921 1124 1977 in·

94 2006 197 2064 stituta
215 2005 301 2075 ratio,
320 2015 360 2075 nt,
380 2006 426 2084 qui
445 2005 533 2065 semel
552 2003 657 2064 tradita
672 2005 726 2063 sibi
744 2024 761 2063 a
776 2004 889 2066 Christo
909 2004 1051 2064 eeclesiae
1070 2023 1124 2082 gu-

94 2090 254 2150 bernacula
273 2109 413 2169 nunquam
432 2089 621 2150 derelicturus
640 2101 715 2160 erat,
740 2090 799 2167 ipse
819 2088 1000 2168 apostolieae
1017 2088 1175 2166 guber-⁴²⁰

95 2176 222 2234 nationis
246 2194 334 2236 onera
357 2176 385 2233 in
408 2176 464 2234 illis
487 2186 603 2254 portare
627 2195 684 2234 non
712 2173 871 2245 desineret,
896 2193 967 2253 quos
994 2175 1022 2233 ei
1045 2173 1124 2234 Deus

91 2259 293 2342 protegendos
312 2272 450 2339 perpetua
464 2263 648 2320 successione
663 2279 697 2318 ac
713 2259 834 2319 tuendos
849 2257 971 2318 heredes
986 2257 1121 2318 dedisset.

184 2345 222 2403 Et
239 2345 267 2402 in
286 2346 365 2404 bisce
385 2344 496 2424 quidem
515 2346 671 2414 aerumnis,
696 2362 767 2422 quae
787 2343 909 2422 undique
929 2345 1123 2413 circumstant,

93 2429 133 2489 ad
157 2441 317 2489 ceterarum
346 2431 538 2490 molestiarum
561 2430 639 2488 velut
663 2429 801 2487 cumulum
826 2429 962 2497 accessit,
991 2438 1022 2486 ut
1048 2425 1123 2486 unde

93 2525 268 2594 oportuerat
286 2534 338 2573 nos
361 2513 506 2592 gaudere,
531 2515 667 2574 maiorem
686 2512 753 2572 inde
772 2514 916 2572 tristitiam
934 2513 1122 2585 hauriremus3

90 2599 203 2677 quippe
224 2599 339 2676 quum⁵l
359 2599 459 2676 aliquis
482 2609 684 2658 sacrosanctae
709 2598 852 2658 ecelesiae
871 2596 925 2656 Dei
944 2599 1123 2677 praepositus

93 2683 148 2742 sub
173 2682 333 2742 sacerdotis
356 2685 468 2742 nomine
492 2685 581 2761 ipsum
601 2682 706 2741 Christi
728 2684 861 2762 populum
880 2703 897 2740 a
916 2685 1029 2742 tramite
1046 2684 1124 2742 veri·
1216 2722 1224 2730 -

94 2771 166 2826 tatis
190 2771 217 2826 in
239 2787 380 2846 praeceps
400 2766 500 2826 deviae
519 2767 713 2844 persuasionis
737 2767 855 2835 avertit,
880 2776 911 2823 et
932 2767 987 2825 boc
1011 2769 1040 2832 in
1064 2789 1123 2826 am·

93 2854 223 2932 piissima
242 2851 329 2923 Urbe,
350 2863 406 2911 tum
431 2853 514 2932 plane
534 2862 578 2911 est
596 2849 765 2929 gemihanda
785 2850 964 2922 lamentatio,
984 2861 1013 2909 et
1032 2854 1123 2910 maior

91 2936 263 2997 sollicitudo
283 2936 456 2997 adhibenda.
1127 2933 1130 2944 '

184 3023 248 3082 Fuit
266 3043 334 3083 sane
358 3043 414 3081 non
442 3025 470 3082 in
497 3023 601 3082 ultimis
629 3021 730 3093 terris,
756 3040 853 3080 verum
880 3022 908 3079 in
936 3019 1029 3080 media
1057 3021 1122 3082 luce

96 3109 211 3179 ltaliae,
235 3109 286 3168 sub
310 3107 401 3168 oculis
419 3107 518 3180 Urbis,
547 3117 577 3166 et
598 3125 688 3186 prope
707 3105 911 3185 Apostolorum
935 3107 1045 3180 limina3
1068 3107 1124 3166 ruit

94 3195 253 3273 episcopus
280 3192 400 3273 duplicis
427 3192 504 3254 sedis
530 3193 640 3252 honore
668 3193 787 3270 insignis
815 3190 927 3270 (Scipio
951 3191 987 3250 de
1012 3191 1120 3252 Riceiis

96 3288 186 3338 antea
204 3281 357 3358 episcopus
375 3279 527 3338 Pistorien.
547 3288 578 3336 et
599 3277 738 3351 Protea),
759 3275 895 3356 quemad
918 3296 971 3335 nos
994 3297 1046 3355 pro
1070 3297 1121 3356 pa-

96 3363 200 3422 storali
218 3383 336 3423 munere
356 3363 537 3443 suscipiendo
557 3362 743 3422 accedentem
762 3375 882 3442 paterna
902 3363 1022 3420 caritate
1042 3381 1121 3421 com·
1156 3405 1169 3425 .
1233 3376 1236 3383 ·

92 3447 174 3527 plexi
193 3468 298 3520 sumus,
318 3451 365 3528 qui
383 3451 508 3508 vicissim
527 3448 608 3506 nobis
628 3459 712 3526 atque
731 3448 796 3507 huie
815 3448 992 3526 apostolicae
1011 3444 1073 3506 sedi
1088 3447 1131 3528 'in'

91 3535 158 3612 ..ipso
177 3553 278 3593 sacrae
304 3554 371 3593 snae
396 3533 584 3592 ordinationis
607 3536 663 3591 ritu
687 3531 811 3593 debitam
831 3531 914 3590 iidem
934 3542 964 3591 et
982 3528 1129 3606 obedien·¹

94 3619 162 3676 tiam
182 3619 308 3678 solennis
327 3618 510 3678 iurisiurandi
529 3619 670 3696 religione
691 3617 852 3690 obstrinxit.

91 3761 267 3774 -ῃ

123 3847 185 3902 md
194 3850 326 3896 Coloniae.
340 3875 365 3886 -
378 3855 399 3904 ³)
411 3851 475 3895 Adii
494 3851 542 3894 hes.
556 3850 599 3894 vt.
614 3853 646 3894 16.
661 3854 712 3895 -4
731 3849 756 3896 S.
767 3849 868 3898 Sinicius
882 3852 911 3895 ed
921 3851 1049 3894 llimerian
1058 3849 1118 3902 Ter-

93 3911 141 3944 rec.
155 3901 232 3958 Epist.
243 3902 263 3947 l.
274 3905 335 3960 apud
345 3903 427 3946 Court.
441 3867 529 3956 -b)S
551 3901 701 3946 Caelestinus
726 3901 1013 3958 .ep.Xll.opudCoust.
