2654 4330
259 285 529 344 snssroxxuv.
563 257 889 344 nnunuonuuu.
1021 277 1101 350 tat
1159 347 1163 357 .

91 424 241 492 criminales
269 443 371 488 causae
390 429 589 509 cpiscoporum
611 427 641 487 in
664 427 788 488 concilio
806 437 913 488 tantum
930 429 1101 509 prouinciali

90 523 293 594 cognoscantur
315 523 344 573 et
362 513 563 587 terminentur,
590 511 636 573 vel
655 531 672 574 a
690 511 861 593 deputandis
876 531 929 594 per
947 513 1100 576 concilium

89 597 265 680 provinciale.

89 738 113 784 sa
127 739 166 784 vt.
200 737 293 784 Datur
309 725 435 798 epiecopus
452 743 574 797 potestur
597 739 669 784 cirea
692 737 920 798 {trememtem
943 744 972 784 et
992 751 1101 798 arapen-

230 806 330 853 eo'ortem
348 805 551 866 espencaeum
569 811 595 851 et
613 807 746 852 criminum
764 805 946 852 absolutiones.

163 886 267 948 Liceat
285 889 429 968 episcopis
446 890 476 948 in
494 889 753 968 irregularitatibns
773 889 900 948 omnibus
924 900 956 949 et
980 909 1102 968 suspen·
1166 959 1179 974 .

89 973 219 1045 sionibus,
238 993 277 1032 ex
295 972 402 1034 delicto
422 973 536 1034 occulto
554 973 801 1053 provenientibus,
821 985 944 1056 excepta
963 993 1007 1047 ea,
1028 995 1101 1053 quae

88 1059 170 1118 oritur
191 1077 229 1118 ex
250 1057 406 1118 homicidio
428 1059 604 1130 voluntario,
628 1070 659 1118 et
680 1059 810 1140 exceptis
831 1060 896 1119 aliis
914 1057 1045 1120 deductis
1064 1057 1102 1120 ad

88 1142 169 1202 lorum
192 1146 417 1217 contentiosum,
442 1143 622 1223 dispensare,
643 1155 680 1204 et
701 1145 730 1206 iu
752 1144 965 1224 quibuscunque
989 1145 1102 1206 casibus

89 1229 209 1300 occultis,
227 1230 314 1288 etiam
333 1227 396 1288 sedi
414 1231 592 1308 apostolicae
610 1231 779 1302 reservatis,
799 1229 997 1312 delinquentes
1016 1250 1102 1312 quoa·
1186 1295 1190 1302 ,

89 1320 188 1392 cunque
207 1313 261 1372 sibi
280 1312 410 1380 subditos
427 1315 457 1375 iu
475 1312 603 1375 dioecesi
620 1323 673 1374 'sua
689 1330 743 1396 per
759 1333 791 1374 so
808 1316 886 1396 ipsos
905 1315 1100 1376 autvicariunt

89 1393 120 1454 ad
141 1396 168 1456 id
189 1400 358 1478 specialiter
376 1397 566 1478 deputandum
589 1401 618 1458 in
636 1401 701 1459 ioco
721 1399 917 1460 conscientiae
940 1403 1031 1482 gratis
1049 1399 1101 1460 ab·

89 1481 204 1555 solvere,
231 1486 365 1564 imposita
388 1485 566 1563 poenitentia
588 1486 714 1545 salutari.
764 1483 843 1544 Idem
867 1487 948 1571 etin
970 1485 1100 1546 haeresis

88 1568 195 1628 crimine
218 1571 247 1628 in
271 1567 375 1628 eodem
398 1570 462 1628 loro
487 1571 682 1630 conscientiae
705 1571 748 1630 eis
769 1579 892 1642 mutum,
920 1587 977 1629 non
1000 1589 1099 1630 eorum

88 1652 201 1726 sicariis,
219 1655 258 1712 sit
274 1657 451 1733 permissam.

26 1799 27 1802 ’
92 1804 180 1856 ΗΠ,
220 1807 451 1858 sacramentorum
472 1812 572 1871 virtue,
598 1816 740 1872 ennoean
757 1809 853 1871 populo
876 1809 1153 1873 admittentesque

129 1875 159 1922 ab
174 1878 299 1940 epiecopus
317 1885 345 1924 et
356 1877 482 1938 parochis
500 1876 653 1938 captivetur.
688 1877 764 1923 Inter
781 1879 920 1924 morarum
936 1878 1055 1926 solennia

378 1959 472 1992 sacrae
485 1948 600 2008 paginae
618 1945 801 2004 explanaretur.

163 2025 200 2086 Ut
216 2025 313 2088 fidelis
328 2032 448 2109 populus
466 2026 502 2088 ad
521 2026 702 2107 suscipienda
719 2037 898 2088 sacramenta
917 2030 1019 2087 maiori
1038 2049 1102 2090 cunr

90 2114 240 2172 reverentia
263 2122 351 2192 atque
379 2115 463 2174 animi
491 2112 644 2173 devotione
672 2110 807 2184 accedat,
836 2113 979 2192 praecipit
1000 2125 1102 2175 sancta

91 2195 202 2272 synodus
221 2199 366 2278 episcopis
385 2199 528 2270 omnibuS,
552 2209 658 2257 utnon
676 2198 781 2268 solun,
796 2193 888 2276 ¹quum
907 2199 979 2259 haec
997 2219 1052 2280 per
1068 2220 1100 2263 se

90 2281 158 2357 ipsos
179 2293 262 2343 erunt
280 2285 386 2363 populo
409 2283 645 2355 administranda,
668 2284 747 2362 prius
765 2283 877 2342 illorum
895 2285 951 2342 vim
969 2297 1000 2344 et
1021 2305 1102 2345 usunn

90 2383 134 2439 pro
151 2369 361 2448 suscipientium
381 2379 467 2448 captu
485 2369 644 2447 explicent,
668 2367 719 2427 scd
743 2369 829 2426 etiam
852 2366 963 2428 idcina
981 2371 1102 2447 singulis

90 2453 210 2525 parochis
232 2456 281 2532 pie
305 2450 532 2535 prudenterque,
560 2455 646 2513 etiam
669 2454 766 2531 lingua
786 2453 955 2526 vernacula,
983 2457 1008 2513 si
1031 2473 1102 2535 opus

90 2533 122 2590 sit
141 2547 169 2595 et
185 2531 335 2598 commode
357 2539 422 2598 deri
440 2541 563 2618 poterit,
586 2539 696 2599 servari
713 2537 859 2610 studeant,
883 2541 963 2600 iuxta
980 2540 1102 2600 lerinam
1132 2560 1137 2568 ·

88 2633 212 2681 coarcta
228 2622 342 2703 synodo
360 2625 389 2682 iu
408 2625 555 2686 catechesi
574 2624 692 2704 singulis
705 2625 892 2687 sacramentis
900 2626 1103 2704 praescriben-

89 2699 158 2776 deur,
177 2727 258 2786 quaer
277 2709 407 2788 episcopi
424 2711 455 2768 in
471 2710 617 2788 vulgarem
636 2711 760 2787 linguans
780 2707 996 2782 fidelitecvoati,
1016 2721 1100 2791 atque

89 2793 247 2876 spernetis
265 2794 395 2857 omnibus
416 2795 522 2874 populo
545 2796 650 2874 exponi
668 2794 822 2868 curabuntp
838 2814 893 2856 nec
909 2805 1008 2856 nonut
1025 2798 1102 2858 inter

92 2871 225 2938 mimarum
234 2879 366 2940 solennia
374 2882 402 2954 ¹)
422 2878 640 2942 antdivinorum
650 2879 875 2940 celebrationem
888 2899 973 2941 sacra
986 2881 1101 2958 eloquia

90 2961 224 3022 otuinus
240 2966 350 3024 uuonita
368 2963 469 3032 eaden
485 2965 641 3029 veruacula
659 2964 755 3042 lingua
772 2959 892 3040 singulis
910 2962 1101 3024 diebuslesti-
1189 2987 1193 2994 ’

91 3041 127 3100 vis
141 3047 185 3106 vel
207 3045 373 3110 solennibus
395 3051 562 3130 explanent,
585 3049 742 3128 eademqne
764 3049 793 3108 in
812 3047 934 3108 omnium
951 3047 1098 3122 cordibus,

89 3134 245 3207 conpositis
262 3135 409 3194 inutilibus
427 3136 649 3215 quaestionibus,
668 3136 806 3206 inserere,
820 3143 906 3213 atque
917 3147 967 3193 eo‘s
986 3134 1015 3194 in
1034 3135 1100 3212 lege

92 3207 193 3274 bomini
210 3218 326 3280 erudire
344 3220 486 3294 studeant.
1051 3257 1054 3260 -

106 3345 131 3395 C·
147 3351 208 3401 thl.
247 3350 351 3404 Publice
365 3363 503 3418 peccantes
518 3357 619 3417 pellice
633 3358 799 3420 poeniteant,
821 3358 851 3404 at
870 3358 984 3417 episcopo
1003 3356 1084 3403 aliter

172 3423 298 3472 uideatur.
336 3425 561 3474 Paenitentiarc'ur'
573 3427 601 3472 ἐκ
620 3426 813 3474 cathedralibus
831 3424 1011 3473 instituendus.

156 3504 320 3585 *Apostolus
347 3520 458 3581 monet,
480 3507 593 3588 publice
620 3521 776 3588 peccantes
798 3511 891 3588 palam
915 3527 979 3569 esse
1007 3511 1099 3569 corri-

94 3584 251 3665 piendoe2).
288 3590 407 3667 Quando
431 3596 518 3674 igitur
540 3593 576 3653 ab
595 3595 690 3674 aliquo
709 3595 822 3674 publice
846 3605 877 3653 et
897 3596 927 3653 in
949 3595 1153 3673 multorumpee

94 3685 237 3752 conspectu
247 3680 354 3739 crimen
365 3680 541 3740 commissum
551 3680 646 3751 luerit,
662 3678 736 3740 unde
746 3680 818 3740 alios
827 3678 962 3739 scandalo
974 3681 1098 3739 offensos

96 3807 293 3835 κ-

139 3884 211 3935 Scsa.
222 3893 313 3939 xxtv.
340 3899 361 3949 t)
375 3895 407 3941 cl.
417 3895 481 3940 Sasu.
491 3895 574 3942 ull.
589 3897 617 3940 cle
627 3909 686 3940 aner.
701 3896 765 3938 mles.
776 3909 794 3939 e.
804 3899 825 3940 8.
840 3919 865 3929 -
889 3897 913 3949 2)
928 3895 1011 3938 t’l'iua.
1026 3893 1055 3937 V.
1065 3897 1099 3940 w.

95 3930 123 3976 ‘f-
132 3949 151 3980 θ·
159 3942 188 3985 ¹9·
198 3943 218 3999 §-
228 3950 246 3990 t.
258 3947 284 3990 G.
295 3946 328 3992 ΙΙ.
338 3960 376 4002 qn.
386 3952 406 3992 t.
417 3948 536 4004 (August.)
546 3961 566 3992 c.
577 3953 596 3992 t.
606 3947 638 3991 X.
648 3949 677 3991 de
687 3948 776 4003 poenit.
786 3947 815 3990 V.
825 3949 857 3990 te.
869 3945 976 3999 (Gregor.
986 3946 1018 4000 Ι.)
