2648 4336
212 201 299 308 bne¹
454 273 460 280 -
520 235 935 310 arausionensis

213 407 275 460 nus3
291 388 407 467 insuper
420 389 613 448 continuatam
626 385 740 450 Patrutn
753 388 856 468 seriem
871 384 1068 448 demonstrare
1077 388 1239 450 iuramenta

213 476 355 538 communi
372 493 457 534 sensu
475 493 528 553 pro
546 473 641 532 vetitis
659 473 757 532 habita
778 472 881 545 fuisset
905 470 1027 554 indeque
1051 465 1240 552 progreditur

164 635 167 642 y
212 557 249 617 ad
267 558 453 639 improbanda
471 561 642 628 iuramenta,
666 577 738 637 quae
761 558 840 619 cuma
863 557 1075 630 ecclesiastica,
1099 559 1239 637 iurisprn·

212 642 328 704 dentiae
350 641 485 716 feudalis,
509 653 541 702 ut
561 645 615 716 ait,
639 662 771 724 normam
788 653 888 704 secuta
910 645 939 702 in
961 644 1138 703 investituris
1161 644 1237 706 etin

213 731 303 788 sacris
325 731 393 808 ipsis
415 730 613 808 episcoporum
641 727 865 788 ordinationibus
892 727 1052 807 adoptavit,
1079 729 1236 808 statuitque

212 813 286 873 adeo
309 813 514 894 implorandam
537 832 555 872 a
577 814 718 873 saeculari
741 824 883 894 potestate
902 813 995 892 legem
1014 834 1067 893 pro
1086 812 1237 873 abolendis

210 902 391 969 iuramentis,
429 919 501 978 qnae
537 901 566 957 in
603 901 690 958 curiis
725 901 811 959 etiem
842 899 1062 960 ecclesiasticis.
1081 901 1238 978 exiguntur

211 1006 264 1064 pro
283 983 471 1064 suscipiendis
488 985 589 1046 muniis
607 995 637 1044 et
655 984 768 1056 officiis,
787 996 818 1045 et
835 985 1000 1062 generatim·
1010 1004 1063 1064 pro
1079 986 1158 1044 omni
1170 995 1237 1046 ectu

212 1071 327 1129 curiali:
350 1071 450 1142 Falso,
470 1072 613 1130 ecclesiae
631 1065 785 1141 sistaricen,
805 1072 879 1130 iuris
897 1071 1095 1129 ecclesiastici
1110 1073 1236 1144 lucerina,

212 1155 387 1233 da'seaplairoe
401 1174 460 1233 per
476 1174 606 1216 cenom
623 1157 762 1215 obductae
781 1166 809 1214 et
824 1155 973 1234 probatae
990 1155 1171 1215 rotomaco.

410 1307 458 1369 De
482 1309 734 1369 collationibus
757 1308 1030 1370 ecclesiasticis.

524 1429 567 1476 De
582 1429 673 1478 collat.
691 1430 834 1482 emanare.
851 1426 877 1496 §.
896 1431 919 1480 1.

295 1531 425 1592 LXXVI.
449 1531 619 1603 Insectatio‚
646 1549 700 1610 qua
722 1529 848 1610 synodus
870 1530 1070 1598 scholasticam
1093 1532 1236 1608 exagitat,

208 1619 287 1682 velut
305 1637 382 1689 eam,
406 1637 500 1697 „qnae
521 1617 595 1677 viam
626 1616 739 1695 aperuit
756 1613 933 1676 inveniendis
951 1614 1041 1686 noum,
1060 1626 1091 1676 et
1108 1617 1187 1674 inter
1204 1635 1237 1674 sc

209 1701 439 1762 discordantibus
466 1701 679 1781 systematibus,
712 1700 805 1780 quoad
830 1702 968 1760 veritates
994 1701 1111 1762 maioris
1137 1703 1236 1779 pretii,

209 1807 244 1846 ac
264 1787 374 1847 demum
393 1786 513 1847 adduxit
534 1785 570 1846 ad
593 1785 823 1867 probabilismum
845 1797 876 1845 et
897 1787 1076 1869 laniantum&
1097 1819 1143 1830 -
1165 1805 1237 1866 qua·

209 1881 292 1932 tenus
314 1874 343 1932 in
366 1873 573 1932 scholasticam
589 1873 686 1934 reiicit
711 1867 883 1952 privatorum
905 1872 988 1942 vitia,
1016 1871 1063 1949 qui
1092 1871 1172 1931 abuti
1200 1890 1236 1930 ea

208 1969 358 2036 poterunt,
382 1969 431 2017 ant
452 1959 534 2018 abusi
556 1969 634 2017 sunt:
657 1958 762 2028 Falso,
788 1959 961 2028 temeraria,
985 1958 1016 2015 t'n
1033 1959 1236 2016 eunomianos
1315 2029 1316 2032 Ἴ

207 2047 288 2103 orbos
305 2053 336 2106 et
352 2045 499 2116 doctores,
520 2045 573 2122 qui
583 2062 690 2123 mogun
706 2043 872 2102 catholicoe
885 2043 1042 2120 religionis
1056 2040 1133 2100 bono
1147 2039 1236 2101 ecbo-
1315 2047 1316 2058 ¹

155 2142 194 2184 cst
209 2129 342 2190 luetr'oom
362 2131 535 2199 accoluere,
561 2129 715 2200 iniurioso,
730 2124 843 2205 sacena
861 2124 977 2204 aitscstrb
995 2130 1025 2186 in
1044 2144 1108 2185 earn
1126 2127 1236 2188 daere-

209 2217 331 2274 tr'corum
351 2217 501 2274 conuiciis.

689 2367 754 2418 Iota.
826 2384 829 2390 ·

292 2469 439 2530 LXXVll.
460 2469 533 2529 ltem
550 2471 580 2528 in
598 2489 647 2540 eo,
667 2468 743 2548 quod
761 2467 871 2529 subdit:
893 2468 1101 2540 „Mutationem
1121 2469 1231 2530 lormae

206 2556 353 2634 regiminis
376 2555 581 2625 ecclesiastici,
606 2573 660 2634 qna
683 2555 870 2626 factumest,
893 2565 925 2612 ut
940 2555 1067 2614 ,ministri
1085 2554 1231 2615 eeclesiae

125 2666 130 2670 ·
205 2641 234 2697 in
254 2640 425 2698 oblivionem
442 2640 576 2699 venirent
592 2659 706 2699 suorum
725 2639 836 2711 iunium,
857 2658 929 2718 quae
947 2641 1028 2700 simul
1046 2650 1113 2700 sunt
1130 2658 1230 2700 eorum
1313 2645 1314 2713 j

204 2725 412 2803 obligationes,
435 2723 602 2785 eudemum
624 2745 685 2785 rem
708 2723 874 2797 adduxisse,
897 2735 929 2783 ut
950 2724 1100 2785 obliterari
1118 2718 1232 2785 faceret

202 2811 362 2890 primitivas
383 2811 516 2872 notiones
535 2811 684 2871 ministerii
703 2812 895 2871 ecclesiastici
913 2821 944 2870 et
960 2808 1162 2871 sollicitudinis
1180 2829 1230 2890 pa·

204 2898 352 2969 storalis‚“
377 2931 422 2944 -
448 2899 528 2978 qnasi
554 2916 608 2976 per
633 2899 818 2957 mutationem
844 2897 991 2975 regiminis
1022 2906 1230 2974 congruentem

197 2980 371 3063 disciplinae
393 2984 423 3042 in
447 2983 573 3043 ecelesia
595 2983 766 3042 constitutae
789 2993 820 3041 et
841 2982 980 3062 probatae
998 2981 1154 3042 ¹obliterari
1179 2999 1230 3040 un·

204 3086 286 3146 quam
317 3069 443 3147 potuerit
470 3077 500 3128 et
525 3069 616 3127 amitti
647 3069 788 3147 primitiva
822 3069 901 3127 notio
927 3069 1121 3134 ecclesiastici
1148 3067 1230 3126 mini·

202 3153 293 3223 nterii,
312 3154 501 3231 pastoralisve
522 3152 736 3213 sollicitudinis:
758 3155 925 3233 Proposr’tr'o
935 3151 1035 3230 solen,
1056 3153 1227 3222 temerm‘c,
1311 3157 1312 3184 ³

202 3254 339 3298 erroneo.

463 3399 465 3402 .
570 3371 572 3376 ·
679 3355 706 3424 ς,
721 3361 746 3406 r.

285 3459 445 3521 Lxxvttt.
468 3454 663 3540 Praescriptio
682 3460 786 3540 synodi
804 3461 840 3522 de
859 3460 961 3522 ordine
983 3481 1079 3522 rernm
1097 3472 1224 3522 tractan-

200 3543 300 3603 darum
318 3548 346 3604 in
370 3547 585 3618 collationibus,
610 3566 674 3626 qua,
692 3558 879 3628 posteaquam
897 3549 1059 3627 praemisit:
1082 3547 1138 3620 „ln
1156 3566 1225 3627 quo·

199 3629 275 3702 tinet,
288 3631 410 3690 articulo
430 3630 659 3710 distinguendum
678 3632 721 3705 id,
745 3633 821 3713 qnod
839 3636 966 3713 pertinet
982 3631 1019 3692 ad
1038 3631 1123 3692 iidem
1142 3629 1225 3692 etad

199 3715 353 3772 essentiam
375 3717 526 3794 religionis
551 3717 587 3777 ab
614 3736 665 3790 eo,
693 3718 770 3798 quod
796 3729 842 3779 est
867 3717 1224 3799 propriumdisciplinae,“

200 3797 359 3873 subiungit:
382 3797 437 3874 „ln
460 3802 515 3860 bac
533 3804 595 3880 ipsa
618 3801 792 3881 (disciplina)
818 3801 1062 3883 distinguendum,
1086 3802 1160 3882 quod
1179 3811 1224 3861 est
1309 3771 1310 3843 l

199 3883 393 3940 necessarium
410 3895 461 3942 aut
478 3886 547 3944 utile
565 3885 602 3945 ad
620 3887 786 3948 retinendos
808 3891 836 3948 in
859 3891 961 3968 spiritu
984 3887 1097 3962 fideles,
1120 3888 1162 3950 ab·
1174 3907 1221 3959 eo,

1308 3995 1309 4036 t

1308 4085 1309 4125 t
