2652 4330
188 239 236 296 ss
340 231 606 296 sessionum
637 229 697 286 nn
719 227 1074 290 russurrensi.-

190 385 262 436 est.¹
290 372 372 434 llane
390 384 485 434 autem
504 371 675 436 delictorum
694 369 920 434 reservationem
940 393 1096 434 consonum
1116 385 1163 436 eet
1180 373 1225 436 di·

176 463 277 522 *vinae
296 461 464 520 auctoritati
491 480 549 519 non
575 469 683 520 tantum
710 461 740 518 in
767 469 888 520 externa
915 460 1030 538 politia,
1058 459 1111 520 sed
1139 462 1226 522 etiam

192 566 291 608 eoram
309 543 373 605 lleo
390 547 447 604 νίιιι
465 545 584 607 babere.
629 544 833 604 Verumtamen
851 545 899 624 pie
917 542 1082 618 admodum,
1111 565 1150 606 ne
1172 547 1226 608 bae

192 635 255 713 ipsa
273 633 430 692 sermione
448 633 551 711 aliquis
567 641 684 711 pereat,
711 631 740 689 in
759 629 861 690 eadem
880 630 1007 692 eeclesia
1024 629 1079 690 llei
1098 631 1227 691 eustodi-

192 731 252 780 tun
269 737 385 796 semper
402 719 470 789 luit,
497 717 625 777 utnulla
643 717 681 776 sit
698 717 858 776 reservatio
877 719 906 775 in
924 717 1048 776 articulo
1071 719 1176 778 mortis
1189 720 1228 792 ¹),

192 815 280 884 atque
298 801 367 863 ideo
386 822 485 862 omnes
503 801 673 862 sacerdotes
691 801 837 881 quoslibet
852 801 1036 881 poenitentes
1050 821 1068 861 a
1083 803 1230 882 quibusvis

193 890 324 970 pereatis
342 898 374 948 et
392 889 521 948 censuris
540 888 692 948 absolvere
710 897 844 967 pessunt3
872 897 956 947 extra
974 907 1056 968 quem
1076 887 1232 948 articulum

194 973 365 1036 sacerdotes
384 992 468 1053 quum
486 972 558 1032 nibil
575 973 686 1055 possint
703 974 733 1032 in
756 972 870 1032 essibus
892 973 1063 1046 reservatis,
1091 972 1122 1032 id
1145 993 1234 1032 enum

194 1057 409 1141 poenitentibus
426 1056 604 1138 persuadere
622 1060 763 1129 nitamur,
790 1069 823 1118 ut
840 1056 877 1117 ad
895 1059 1062 1138 superiores
1080 1067 1112 1118 et
1134 1058 1235 1138 legiti-

119 1191 121 1196 .
196 1165 258 1206 mos
274 1143 387 1204 iudices
399 1164 457 1224 ‘pro
476 1144 620 1204 benelioio
638 1143 827 1204 absolutionis
845 1143 997 1204 accedant.

337 1283 379 1350 o.
394 1301 459 1350 vus
486 1298 536 1348 ,110
550 1301 747 1366 satisfactionis
760 1301 917 1350 swessitots
929 1307 957 1348 st
963 1303 1071 1367 fructu.

283 1401 403 1461 Domum
421 1399 517 1480 quoad
535 1402 776 1474 satisfactionem,
796 1421 868 1481 quae
884 1422 922 1463 ex
936 1401 1065 1463 omnibus
1079 1402 1236 1482 poeniten·

97 1514 102 1536 ι
147 1498 186 1544 trs
199 1490 257 1549 tiae
287 1487 431 1568 partibus,
460 1485 695 1566 quemadmodum
727 1507 745 1547 a
771 1487 903 1548 Patribus
933 1490 1040 1548 nostris
1067 1487 1236 1548 Christiano

198 1574 305 1655 populo
328 1573 384 1632 luit
404 1584 547 1652 perpetue
570 1584 701 1651 tempore
725 1573 939 1656 commendata,
966 1577 1009 1634 ita
1031 1593 1087 1634 nna
1109 1573 1236 1632 maxim

199 1670 299 1719 nestra
316 1668 412 1720 aetate
430 1677 538 1718 summo
557 1660 673 1739 pietatis
690 1670 844 1740 praetextu
862 1661 1044 1740 impugnatur
1060 1658 1096 1718 ab
1114 1659 1165 1730 iis,
1184 1658 1237 1736 qui

199 1746 326 1825 speciem
343 1745 461 1823 pietatis
478 1744 600 1815 habent,
618 1744 753 1805 virtutem
767 1755 862 1806 autem
877 1748 938 1806 eius
952 1746 1147 1828 abnegarunt,
1166 1763 1237 1802 sun·

201 1841 249 1890 cta
266 1828 392 1910 synodus
411 1827 556 1903 declarat,
575 1829 676 1890 falsum
696 1833 812 1889 omnino
829 1850 893 1891 esse
912 1842 942 1892 et
956 1851 973 1890 a
987 1829 1077 1890 verbo
1092 1829 1148 1889 llei
1161 1829 1237 1888 alie-

170 1931 280 2006 qqnum,
310 1916 421 1995 culpam
448 1935 466 1973 a
492 1913 614 1976 Domino
643 1935 785 1995 nunquam
814 1917 979 1992 remittit),
1008 1917 1074 1996 quin
1100 1916 1238 1975 universa

113 1990 137 2042 ll
171 1997 287 2076 {letiam
305 2020 401 2080 poena
419 2000 609 2062 condonetur.
637 2000 794 2082 Perspicua
813 2004 887 2062 enim
906 2013 936 2062 et
953 2002 1073 2061 illustria
1092 2003 1121 2060 in
1140 2000 1237 2060 sacris

200 2088 293 2149 literis
313 2087 445 2166 exempla
463 2089 647 2167 reperiuntur
658 2088 703 2163 ³),
727 2087 839 2166 quibus,
864 2098 982 2167 praeter
1000 2086 1122 2146 divinam
1141 2084 1237 2144 tradi·

203 2175 325 2243 tionem,
354 2172 402 2230 bio
425 2191 509 2232 error
532 2192 616 2252 mam
638 2173 867 2232 manifestissime
891 2173 1057 2232 revincitur.
1102 2169 1181 2230 Sane
1204 2180 1237 2229 et

202 2257 317 2320 divinae
335 2256 460 2316 iustitiae
480 2258 555 2318 ratio
573 2259 693 2336 exigere
711 2256 838 2330 videtur,
858 2269 890 2317 ut
906 2259 992 2318 aliter
1009 2258 1045 2316 ab
1064 2275 1100 2317 ec
1119 2258 1150 2316 in
1168 2273 1239 2336 gra-

201 2346 272 2404 tiam
290 2344 470 2422 recipiantur
487 2344 535 2422 qni
553 2352 620 2402 ante
638 2343 807 2422 baptismum
826 2361 880 2422 per
895 2343 1087 2422 ignorantiam
1106 2341 1239 2422 delique-

203 2431 275 2500 rint3
303 2429 390 2486 aliter
411 2447 496 2499 vero,
526 2430 573 2508 qui
596 2429 685 2487 semel
708 2448 725 2488 a
748 2430 863 2508 peceati
881 2439 912 2488 et
929 2427 1077 2488 daemonis
1096 2429 1236 2488 servitute

203 2513 334 2582 liberati,
362 2523 392 2572 et
419 2523 542 2592 accepto
566 2510 690 2592 Spiritus
716 2515 810 2573 sancti
832 2513 924 2586 dono,
953 2515 1078 2574 scientes
1100 2513 1237 2592 templum

204 2599 260 2660 Dei
282 2597 392 2657 violare
406 2599 435 2672 ⁴)
456 2609 486 2656 et
509 2596 644 2676 Spiritum
667 2609 797 2658 sanctum
821 2601 994 2660 contristare
1017 2617 1074 2660 nen
1097 2597 1238 2660 formida-

204 2685 300 2744 verint
312 2683 351 2756 5).
397 2681 435 2742 Et
453 2682 576 2744 divinam
595 2684 775 2745 elementiam
794 2683 893 2758 decet,
913 2705 949 2745 ne
969 2687 1009 2744 ita
1027 2685 1109 2744 nobis
1127 2684 1237 2764 absque

205 2770 264 2830 ulla
282 2767 481 2829 satisfactione
499 2778 620 2849 peccata
640 2767 830 2842 dimittantur,
858 2781 903 2844 ut,
927 2771 1083 2830 occasione
1101 2779 1235 2849 accepta,

205 2865 329 2936 peccata
347 2854 458 2915 leviora
475 2865 621 2935 putantes,
639 2855 718 2914 velut
735 2856 835 2916 iniurii
850 2867 882 2918 et
899 2857 1098 2917 contumeliosi
1116 2849 1238 2935 Spiritui

206 2951 308 3002 saneto
321 2940 351 3017 ὅ)
375 2941 404 3000 in
428 2942 562 3019 grovim
585 2941 726 3013 labamur,
755 2942 983 3002 thesaurizantes
1006 2941 1089 3003 nobis
1111 2943 1183 3002 iram
1207 2943 1237 3000 in

207 3027 255 3088 die
273 3027 383 3102 tract).
412 3025 605 3088 Procnldubio
622 3028 699 3088 enim
717 3047 893 3108 magnopere
910 3048 929 3087 a
946 3038 1069 3108 peccato
1088 3037 1238 3099 revocant,

208 3123 240 3173 et
262 3114 343 3192 qussi
364 3112 449 3172 freno
477 3112 599 3192 quodam
626 3124 766 3175 coercent
791 3115 848 3175 bae
873 3114 1087 3174 satislaetoriae
1114 3131 1239 3193 poenae,

210 3199 411 3278 cautioresque
436 3208 465 3258 ct
486 3199 684 3277 vigilantiores
706 3201 735 3258 in
753 3201 877 3261 futurum
895 3200 1078 3280 poenitentes
1097 3199 1238 3270 efficiunt3

209 3282 360 3348 medentur
374 3303 486 3365 quoque
500 3295 686 3364 peccatorum
699 3285 841 3366 reliquiis,
861 3297 891 3345 et
904 3287 1026 3346 vitiosos
1038 3283 1151 3354 babitus
1164 3285 1239 3344 male

210 3371 331 3432 vivendo
364 3381 546 3451 comparatos
576 3372 729 3431 contrariis
759 3373 893 3432 virtutum
928 3371 1090 3433 actionibus
1124 3369 1238 3429 tollunt.

210 3457 313 3534 Neque
330 3475 401 3515 vero
420 3458 552 3517 securior
573 3457 632 3515 nlla
652 3459 699 3516 via
720 3457 750 3515 in
772 3459 899 3518 ecclesie
917 3457 972 3518 ttci
995 3474 1116 3535 unqrmm
1139 3456 1240 3516 existi·

210 3551 286 3600 mata
305 3540 359 3598 fnit
376 3539 413 3599 ad
426 3541 611 3602 amovendam
626 3544 817 3605 imminentem
832 3564 848 3604 a
863 3542 986 3606 Domino
999 3561 1137 3622 poenam,
1157 3559 1239 3622 qnam

238 3675 241 3682 v
265 3707 427 3754 Sera-XIV.
455 3707 513 3760 ttel.
528 3706 847 3774 eutqdepoenisinvltov.
857 3711 878 3753 9.
899 3707 1146 3764 sontt.vttt.)ctcn.
1156 3710 1177 3752 8.
1187 3706 1209 3750 b.
1219 3714 1239 3750 t.
1312 3747 1313 3774 ,

210 3757 1237 3870 testeis:t·tarteutmsrsatt,tua-itutetta:
1312 3777 1313 3858 ἰ

211 3864 259 3908 ΙΙΙ.
269 3865 301 3908 tt.
311 3863 468 3918 sequester.
478 3861 535 3905 xlt.
546 3864 578 3904 tt.
588 3875 614 3906 re
633 3863 721 3906 .Nnm.
731 3863 790 3908 Xll.
801 3867 834 3908 tt.
844 3877 892 3918 seq.
907 3862 964 3908 XX.
975 3866 1008 3906 tt.
1018 3876 1044 3907 se
1062 3866 1139 3910 .-4,
1163 3862 1238 3907 lCor.

212 3915 258 3959 111.
269 3920 336 3960 tt-
353 3914 474 3971 ⁵)pres.
484 3912 526 3956 IV.
536 3877 645 3968 &tt-b)
655 3915 846 3959 {tetartae-
863 3919 887 3965 ‘lt
897 3916 961 3960 Rom.
972 3913 1002 3959 ll.
1012 3919 1032 3958 5.
1043 3875 1091 3958 dac.
1101 3910 1130 3957 V.
1156 3945 1161 3956 .
1312 3943 1313 3980 q
