2652 4330
178 261 208 317 Β
449 253 608 310 nunna
634 251 948 307 lNDlCTloNlS

176 397 298 457 efficiat
344 395 433 454 liuius
450 396 539 473 igitur
551 397 646 474 ipsius
663 395 719 454 llei
736 395 953 474 omipotentis,
975 393 1084 466 Patris,
1102 407 1133 456 et
1150 397 1212 457 Filii

183 493 214 542 et
237 480 361 560 Spiritus
387 483 494 549 uncti,
520 499 556 539 ac
582 480 734 540 beatorum
760 482 823 540 eius
847 479 1053 559 Apostolorum
1078 480 1159 540 Petri
1185 494 1215 542 et

180 567 265 626 Pauli
283 568 468 635 auctoritate,
487 584 543 644 qua
560 585 613 624 nos
631 585 745 644 quoque
763 567 792 624 iu
810 567 897 624 terris
913 565 1066 643 fungimur,
1085 567 1153 626 freti
1171 579 1215 626 at·

184 671 239 732 que
258 652 381 723 subnixi,
400 650 438 711 de
456 650 662 711 venerabilium
680 651 749 710 item
766 651 887 708 henum
906 661 1068 710 nostrorum
1082 649 1115 711 S.
1129 651 1164 710 rt
1178 652 1215 712 ll.

185 737 371 797 cardinalium
390 737 512 797 consilio
530 746 562 794 et
577 753 706 805 assensu,
725 734 837 794 sublata
851 745 1003 814 amotaque
1016 738 1213 815 suspensione,

74 851 83 862 ·
179 823 221 883 do
240 842 295 902 qua
313 839 401 900 snpra
418 830 672 880 commemoratum
690 829 750 890 est,
779 838 861 898 quam
878 838 933 898 per
949 832 1119 899 praesentes
1137 823 1215 882 tolli-

182 927 246 966 mus
269 917 301 966 et
321 924 500 975 amovemus,
528 924 641 964 sacrum
664 905 881 964 oecumenicum
904 915 935 964 et
956 907 1093 982 generale
1116 910 1215 966 conci·

164 993 252 1051 ,lium
269 993 300 1050 in
318 992 436 1050 civitate
453 989 636 1061 Tridentino,
656 990 723 1050 loco
741 988 893 1048 commodo
911 1000 943 1048 et
959 991 1052 1050 libero
1071 991 1215 1051 omnibus·

185 1096 240 1157 que
262 1077 426 1136 redonibus
449 1086 626 1155 opportuno,
653 1073 691 1134 ad
713 1073 859 1134 Kalendas
880 1079 1026 1153 proximas
1043 1075 1216 1136 Novembris

184 1164 251 1223 anni
273 1163 434 1242 praesentis
456 1162 492 1220 ab
512 1160 716 1220 incarnatione
739 1159 854 1219 Domini
876 1180 986 1220 nourr.
1011 1161 1215 1241 incipiendum,
1319 1205 1322 1230 ,

184 1247 426 1328 prosequendum,
444 1257 476 1307 et
493 1246 596 1306 eodem
611 1245 733 1306 Domino
752 1243 914 1316 adiuvante,
933 1245 969 1304 ad
989 1248 1077 1326 ipsius
1095 1248 1216 1326 gloriam

184 1345 271 1412 atque
288 1332 411 1405 laudem,
430 1343 461 1392 et
475 1332 633 1391 Christiani
652 1333 740 1391 totius
756 1331 855 1411 populi
872 1332 992 1390 salutem
1011 1331 1216 1392 absolvendum

183 1417 448 1499 perficiendumque
466 1416 632 1488 indicimus,
655 1418 874 1487 annunciamus,
893 1435 1097 1489 convocamus,
1116 1419 1217 1476 statui·

88 1495 93 1507 '
184 1523 245 1562 mus
267 1514 352 1582 atque
376 1502 571 1576 decernimus3
600 1521 698 1562 omnes
721 1501 851 1560 omnibus
874 1520 911 1560 ex
929 1502 1002 1561 locis
1021 1512 1077 1561 tam
1094 1522 1217 1563 venera-

183 1590 258 1650 biles
276 1589 383 1649 iratres
400 1596 516 1648 nostros
529 1587 721 1668 patriarchas,
739 1586 985 1665 archiepiscopos,
1004 1589 1167 1668 episcopos,
1187 1600 1219 1648 et

184 1672 309 1734 dilectos
328 1675 404 1734 lilios
422 1674 552 1745 abbates,
571 1693 655 1752 quam
673 1673 746 1731 alios
764 1681 958 1751 quoscunque,
977 1673 1078 1752 quihus
1092 1675 1154 1734 iure
1167 1684 1218 1732 ant

183 1759 338 1839 privilegio
364 1761 394 1818 in
422 1759 554 1819 conciliis
581 1757 764 1837 generalibus
786 1754 933 1816 residendi
955 1768 987 1817 et
1008 1761 1165 1818 sententias
1187 1760 1218 1816 in
1322 1793 1324 1840 p

184 1847 227 1904 eis
247 1843 363 1905 dicendi
380 1845 520 1924 permissa
537 1854 666 1925 potestas
685 1853 738 1913 est,
757 1843 953 1921 requirentes,
977 1843 1141 1916 hortantes,
1165 1842 1218 1902 ad·

183 1941 348 2003 monentes,
376 1943 422 1990 ac‘
435 1931 617 1990 nihilominus
639 1931 682 1988 eis
704 1929 732 1986 vi
755 1927 953 1998 iurisiurandi,
982 1928 1058 2007 quod
1081 1930 1163 1990 nobis
1186 1939 1218 1987 et

183 2016 251 2076 huic
270 2027 389 2076 unche
407 2015 470 2076 sedi
488 2018 704 2096 praestiterunt,
723 2015 1002 2073 aesanctaevirtute
1022 2013 1217 2085 obedientiae,
1324 2069 1325 2076 ,

184 2101 305 2180 aliisque
333 2102 385 2162 sub
407 2103 510 2180 poenis
532 2103 594 2160 iure
617 2110 668 2168 aut
691 2098 899 2160 consuetudine
920 2101 950 2157 in
973 2099 1218 2162 celebrationibus

185 2187 375 2246 conciliorum
397 2185 535 2245 adversus
558 2205 615 2244 non
639 2182 813 2246 accedentes
836 2185 907 2244 ferri
924 2194 956 2242 et
972 2186 1095 2262 proponi
1113 2185 1218 2256 solitis,

184 2269 354 2330 mandantes
373 2281 512 2350 arctoque
531 2271 754 2351 praecipientes,
774 2281 806 2328 ut
823 2271 950 2347 ipsimet,
974 2270 1029 2327 nisi
1047 2269 1123 2328 forte
1141 2271 1218 2329 iusto

185 2355 370 2416 detineantur
387 2355 607 2435 impedimento,
626 2355 663 2415 de
682 2375 737 2434 quo
756 2366 851 2414 umen
870 2352 953 2413 fldem
972 2355 1071 2416 facere
1091 2357 1219 2433 compel-

185 2442 295 2512 lantur,
322 2451 372 2500 aut
394 2451 476 2500 certe
498 2459 552 2519 per
573 2460 640 2500 suos
663 2442 807 2519 legitimos
824 2449 1030 2520 procuratores
1048 2451 1079 2500 et
1096 2440 1217 2500 nuncios

184 2545 270 2584 sacro
289 2525 356 2585 hnic
375 2527 501 2586 concilio
521 2527 636 2585 omniuo
654 2527 756 2586 adesse
775 2537 806 2586 et
819 2528 960 2586 interesse
974 2525 1113 2598 debeant3
1132 2545 1219 2606 supra

185 2621 280 2670 autem
307 2610 403 2670 dictos
425 2612 642 2691 imperatorem,
670 2631 825 2691 regemque
850 2611 1132 2682 christianissimum,
1160 2630 1217 2671 nec

185 2715 244 2754 non
268 2705 384 2755 ceteros
402 2714 502 2774 reges,
531 2696 633 2766 duces,
660 2696 820 2775 principes,
849 2715 967 2774 quorum
985 2697 1163 2774 praeseutia,
1191 2698 1217 2756 si

185 2782 257 2841 alias
271 2800 403 2860 nomam,
423 2781 479 2841 hoc
494 2780 608 2860 quidem
621 2790 752 2860 tompore
766 2782 887 2839 maxime
902 2782 1098 2842 sanctissimae
1108 2782 1216 2841 Christi

155 2865 255 2930 inlidet
277 2877 309 2925 et
330 2866 559 2926 Christianorum
583 2867 706 2924 omnium
729 2867 824 2925 fotura
842 2876 886 2924 est
904 2866 1052 2938 solutoris,
1080 2877 1216 2946 rogantes

185 2963 273 3032 atque
301 2952 488 3013 obsecrantes
515 2971 569 3030 per
593 2953 707 3011 viscera
734 2950 950 3011 misericordiae
973 2951 1028 3012 Dei
1051 2963 1082 3033 et
1102 2952 1216 3011 Domini

185 3039 278 3098 nostri
296 3038 363 3099 lesu
381 3037 503 3109 Christi,
532 3039 613 3098 euius
636 3036 705 3097 iidei
727 3038 835 3096 veritas
857 3047 888 3096 et
907 3038 1013 3114 religio
1037 3048 1068 3097 et
1089 3038 1163 3096 intus
1186 3047 1217 3096 et

186 3135 271 3182 entra
289 3125 418 3201 graviter
435 3126 492 3182 iam
510 3133 704 3202 oppugnatur,
727 3133 771 3193 ut,
795 3123 818 3182 si
836 3123 942 3182 salvam
960 3123 1060 3181 volunt
1077 3122 1216 3194 christia·

186 3226 251 3266 nam
269 3226 334 3268 esse
353 3209 572 3288 rempublicam,
599 3211 624 3267 si
646 3227 678 3268 so
697 3207 817 3268 Domino
842 3207 998 3266 obstrictos
1020 3217 1051 3265 et
1073 3207 1215 3284 obligatos

186 3313 240 3372 pro
263 3294 393 3354 maximis
416 3295 492 3354 illius
515 3309 586 3370 erga
604 3311 635 3352 se
654 3293 803 3353 beneficiis
820 3293 997 3371 intelligunt,
1025 3309 1062 3350 ne
1080 3290 1215 3352 deserant

187 3378 277 3455 ipsius
295 3377 351 3438 Dei
374 3397 488 3438 caumas
506 3388 537 3437 et
554 3379 715 3455 negotium,
742 3378 856 3456 ipsimet
877 3376 913 3435 ad
935 3379 1011 3438 sacri
1029 3378 1146 3436 concilii
1166 3396 1216 3437 ce-

186 3460 378 3521 lebrationem
395 3465 524 3534 veniant,
551 3462 580 3521 in
599 3481 655 3540 qno
673 3464 798 3541 ipsorum
815 3462 909 3539 pietas
926 3473 1011 3541 atque
1028 3463 1118 3521 virtus
1136 3481 1218 3521 com-

186 3547 264 3605 muni
291 3548 421 3618 utilitati,
449 3549 588 3626 salutique
615 3566 685 3606 suae
711 3567 746 3608 ac
774 3556 936 3607 ceterorum
959 3557 990 3607 et
1011 3547 1162 3626 temporali
1184 3556 1218 3605 et

188 3641 326 3712 aeternae
344 3632 493 3712 plurimum
512 3642 557 3693 est
573 3633 733 3712 profutura.
779 3629 831 3690 Sin
849 3643 956 3703 autem,
980 3630 1008 3690 id
1028 3631 1103 3711 quod
1122 3631 1217 3691 nollo-

187 3735 259 3787 mns,
279 3715 423 3776 accedere
442 3719 496 3796 ipsi
514 3738 572 3778 non
589 3729 734 3797 poterunt,
753 3727 905 3795 etgraves
923 3718 1024 3777 saltem
1042 3719 1119 3776 viros
1134 3718 1217 3795 lega·

187 3811 234 3860 tos
253 3819 316 3861 cuns
333 3803 506 3862 auctoritate
525 3806 651 3877 mittant,
680 3805 728 3883 qni
749 3821 901 3882 personam
919 3803 1057 3881 principis
1075 3804 1118 3862 sui
1138 3805 1216 3882 quis·
