2652 4330
218 239 272 297 aa
327 250 339 259 ’
414 232 648 290 snssrovn
675 213 1051 286 ossussrrrcsr.

219 380 307 450 bono,
324 378 465 447 scientes,
489 375 569 454 quod
585 372 672 432 labor
689 381 786 432 vester
803 391 862 432 non
881 381 926 430 est
943 372 1041 430 inanis
1059 374 1089 430 in
1108 373 1250 432 Domino,

217 465 287 525 Non
302 463 330 539 ¹)
350 463 426 522 cnm
446 461 571 520 inr'ustns
589 467 634 518 est
649 461 743 530 Dens,
768 466 802 516 nt
817 456 1010 516 obliviscatur
1027 459 1127 535 operis
1144 460 1247 530 nestri,
1316 493 1317 522 ;

218 559 249 608 et
266 548 444 617 dilectionis,
465 564 550 624 quom
569 546 738 603 ostendistis
757 545 787 602 in
806 544 923 602 nomine
941 544 1047 620 ipsius,
1071 553 1102 601 et
1113 544 1160 618 ²):
1183 545 1249 604 No-

218 631 272 694 lite
291 634 427 692 omittere
445 629 652 708 confidentium
672 637 812 700 resbaco,
841 647 917 707 quoe
934 645 1071 706 magnum
1090 629 1185 688 babet
1198 649 1250 688 re-

217 720 459 780 munerationem.
485 712 581 794 Atque
595 713 663 772 ideo
676 713 751 773 bene
766 713 950 793 operantibus
963 731 1053 792 usque
1067 715 1096 772 in
1111 714 1247 791 tinent),

217 812 248 863 ct
265 801 367 861 iuDeo
386 799 565 878 sperantibus
581 797 770 878 proponenda
788 807 833 858 est
845 799 905 858 vita
918 810 1048 869 aeterna,
1068 808 1100 857 et
1112 809 1249 878 tanquam

217 887 312 967 gratia
334 885 399 945 liliis
417 884 471 944 Dei
493 903 547 962 por
569 883 712 940 Christum
736 883 828 939 lesum
851 879 1079 942 misericorditer
1095 885 1249 964 promissa,

217 982 248 1032 et
269 981 401 1049 tanquam
424 985 536 1026 merces
559 983 596 1025 ex
618 966 706 1044 ipsius
728 964 782 1024 Dei
804 965 993 1043 promissione
1015 968 1099 1029 bonis
1120 972 1250 1050 ipsorum

217 1054 352 1136 operibus
375 1063 405 1112 et
427 1052 538 1134 meritis
555 1047 680 1110 fideliter
697 1047 845 1110 reddenda
857 1052 897 1125 ⁴).
943 1051 1022 1112 llaec
1041 1065 1086 1114 est
1104 1057 1180 1116 enim
1199 1055 1251 1117 illa

217 1160 325 1201 corona
336 1138 461 1198 iustitiae
471 1139 510 1212 ⁵),
518 1155 600 1216 mam
609 1145 675 1215 post
684 1155 763 1196 suum
774 1146 919 1196 certamen
929 1147 960 1195 et
969 1157 1081 1198 cursum
1091 1143 1250 1220 repositam

204 1226 271 1298 ,sihi
290 1244 353 1285 esse
372 1221 643 1302 aiebatApostolus,
662 1242 680 1280 a
697 1223 772 1280 iusto
791 1220 887 1280 iudice
906 1221 960 1280 sibi
978 1221 1169 1299 reddendam
1190 1248 1250 1286 non
1317 1268 1318 1308 ,

216 1312 306 1371 solum
325 1320 419 1369 autem
438 1307 502 1380 sibi,
521 1306 573 1367 sed
591 1318 623 1366 ct
639 1305 778 1377 omuibus,
799 1308 846 1385 qui
865 1305 986 1385 diligunt
1003 1307 1154 1368 adventum
1175 1315 1249 1371 eius.
1317 1317 1318 1326 ’

217 1397 307 1470 Quum
326 1396 401 1454 enim
419 1393 468 1453 ille
487 1395 548 1471 ipse
559 1392 689 1452 Christus
707 1392 795 1467 lesus,
807 1403 938 1471 tanquam
958 1404 1044 1472 caput
1062 1395 1090 1452 in
1109 1396 1249 1468 membra,

216 1493 247 1542 ot
265 1492 397 1559 tauquam
415 1479 481 1538 vitis
498 1479 527 1537 in
545 1478 676 1557 palmites
685 1477 724 1552 ⁶),
743 1479 773 1536 in
791 1479 868 1557 ipsos
886 1477 1055 1538 iustificatos
1070 1481 1177 1558 iugiter
1191 1484 1251 1541 vir-

195 1551 305 1631 itutem
324 1567 432 1637 influat,
454 1583 525 1644 quae
544 1565 633 1623 virtus
651 1563 727 1622 bona
746 1583 845 1623 eorum
864 1581 953 1641 opera
972 1583 1085 1643 semper
1099 1566 1251 1626 antecedit

108 1667 134 1707 a„
198 1707 201 1717 ,
217 1665 247 1713 et
262 1655 454 1712 comitaturet
467 1649 658 1728 subsequitur,
669 1659 699 1708 et
712 1648 773 1710 sine
789 1649 934 1728 manullo
949 1659 1035 1728 pacto
1046 1649 1109 1709 Deo
1124 1663 1206 1730 grata
1217 1663 1252 1712 et

200 1739 367 1814 ,meritoria
376 1755 439 1796 csse
454 1745 586 1815 possent:
602 1735 672 1794 nihil
687 1735 756 1814 ipsis
769 1734 930 1793 iustificatis
940 1736 1059 1814 amplius
1069 1735 1171 1797 deesse
1183 1757 1251 1797 cre-

198 1823 339 1884 odendum
355 1834 408 1894 est,
424 1841 479 1901 quo
494 1822 585 1880 minus
598 1821 683 1900 plene
697 1819 754 1878 illis
768 1818 879 1898 quidem
896 1822 1040 1898 operibus,
1056 1841 1129 1901 quae
1144 1821 1173 1881 iu
1183 1823 1249 1883 Deo
1318 1833 1319 1902 ξ

216 1921 281 1970 sunt
295 1911 381 1982 lacta,
393 1907 505 1968 divinae
516 1908 574 1985 legi
584 1926 638 1987 pro
648 1907 731 1964 buius
745 1906 821 1964 vitae
832 1915 907 1964 statu
921 1908 1106 1980 satisfecisse,
1117 1918 1148 1968 et
1160 1911 1252 1969 sitam
1318 1916 1319 1932 ¹

218 2007 365 2056 aeternam
384 1985 435 2054 suo
454 1995 541 2053 ctiam
559 2003 699 2071 tempore,
719 1993 743 2052 si
757 2001 851 2050 tamen
867 1993 895 2049 in
910 1994 1003 2070 gratia
1018 1984 1198 2054 decesserint
1206 1995 1250 2070 ²),

182 2079 462 2161 ercensequendam,
486 2097 555 2138 vere
579 2079 776 2162 ppomerqisse,
791 2088 976 2152 censeantur,
1004 2098 1087 2157 quum
1108 2079 1250 2153 Christus,

216 2168 343 2226 salsatos
360 2175 468 2236 noster,
488 2161 566 2221 dieat
580 2165 623 2237 ⁸):
651 2164 768 2240 Siquis
788 2161 900 2223 biberit
915 2183 954 2222 ea
973 2185 1064 2244 aqna,
1085 2186 1170 2244 quone
1190 2187 1249 2246 ego

217 2252 293 2312 dubo
313 2253 355 2322 ei,
383 2269 443 2308 non
461 2250 546 2307 sitoet
561 2249 592 2306 in
612 2256 780 2321 ueternum
808 2250 862 2307 sed
873 2247 938 2326 fiet
958 2251 988 2308 in
1011 2271 1045 2309 eo
1061 2247 1133 2328 soors
1151 2273 1251 2332 equae

215 2338 352 2398 solientis
369 2339 400 2394 in
420 2336 508 2393 vitum
528 2342 690 2392 ueternum.
736 2331 779 2391 Ita
801 2351 893 2412 neque
912 2335 1030 2414 propria
1049 2347 1148 2396 nostra
1166 2339 1251 2398 iusti‹

218 2424 294 2497 tint)
314 2433 448 2499 tauquam
467 2437 504 2477 ex
521 2417 604 2477 nobis
621 2418 739 2498 propria
756 2419 899 2490 statuitur,
919 2439 1011 2498 neque
1030 2421 1181 2500 ignoratur
1199 2434 1252 2483 aut

125 2529 129 2538 ’
217 2505 385 2585 repudiatur
402 2504 509 2562 iustitia
527 2501 595 2575 Dei3
616 2522 688 2582 quae
707 2505 782 2562 enim
800 2504 908 2564 iustitia
926 2516 1024 2565 nostra
1043 2505 1162 2580 dicitur,
1182 2511 1252 2588 quia
1319 2532 1320 2586 ;

192 2612 270 2672 sper
293 2611 356 2651 eam
374 2589 457 2648 uobis
476 2589 673 2648 inhaerentem
691 2589 890 2662 iustificamnr,
917 2591 966 2650 illa
991 2591 1092 2652 eadem
1115 2593 1170 2653 Dei
1195 2606 1250 2666 est,
1319 2591 1320 2624 ³

99 2673 116 2702 '⁴'
193 2668 198 2732 i
218 2678 283 2756 quia
301 2675 395 2736 aDeo
414 2674 497 2733 uobis
515 2672 672 2733 infunditur
689 2694 742 2753 per
752 2674 859 2734 Christi
878 2677 1017 2736 meritum.
1054 2677 1156 2759 Neque
1175 2700 1247 2740 vero

217 2760 288 2821 illud
307 2758 492 2820 omittendum
511 2768 568 2830 est,
598 2757 687 2838 quod,
711 2760 781 2821 licet
797 2759 880 2820 bonis
900 2765 1035 2840 operibus
1055 2766 1084 2822 in
1103 2767 1195 2823 saeris
1214 2767 1250 2824 li-

217 2849 288 2907 teris
306 2865 395 2926 usque
414 2843 488 2904 adeo
508 2843 662 2916 tribuatur,
691 2855 721 2904 ut
744 2846 829 2906 etiam
854 2848 901 2926 qui
925 2850 971 2907 uni
995 2869 1032 2907 ex
1049 2849 1172 2910 minimis
1190 2853 1249 2910 suis

217 2945 316 3016 potum
333 2951 424 3011 equae
443 2929 566 3008 frigidae
585 2929 700 2990 dederit
713 2931 774 3006 1θ),
793 2935 943 3012 promittet
958 2933 1087 2996 Christus
1107 2955 1170 2996 eum
1190 2958 1249 2996 non

217 3039 281 3080 esse
308 3039 360 3079 sua
386 3016 521 3077 mercede
550 3018 718 3088 cariturum,
747 3024 777 3076 et
797 3017 955 3097 Apostolus
977 3029 1099 3082 testetur
1113 3023 1179 3098 ¹¹),
1208 3021 1248 3094 id,

118 3147 124 3162 t
174 3171 177 3178 ‚
218 3104 294 3184 quod
316 3107 345 3162 in
367 3104 513 3183 praesenti
536 3113 581 3160 est
603 3113 830 3163 momentaneum
853 3114 883 3162 et
901 3105 965 3164 leve
984 3108 1177 3167 tribulationis
1196 3131 1249 3168 uo-

218 3201 310 3262 strae,
338 3209 425 3268 supra
446 3186 559 3246 modum
582 3189 611 3245 in
635 3189 807 3248 sublimitate
830 3200 977 3250 aeternum
1000 3193 1111 3270 gloriae
1134 3193 1249 3273 pondus

219 3275 334 3356 operari
353 3277 382 3333 iu
400 3273 496 3332 nobis:
521 3272 596 3330 absit
613 3283 717 3344 tamen,
736 3285 768 3333 ut
785 3274 962 3336 Christianus
981 3277 1065 3338 homo
1084 3281 1112 3338 iu
1132 3298 1163 3339 se
1183 3281 1247 3361 ipso

217 3363 264 3422 vel
287 3359 414 3420 confidat
433 3359 479 3418 vel
502 3357 643 3436 glorietur
656 3361 715 3433 ¹2),
731 3370 760 3419 et
781 3380 838 3420 uon
857 3363 885 3420 in
904 3362 1039 3437 Domino,
1068 3367 1147 3425 cuius
1166 3377 1249 3427 tanta

189 3454 193 3507 t
219 3457 264 3504 est
289 3465 359 3523 erga
387 3463 485 3504 omnes
511 3443 640 3502 homines
666 3443 794 3518 bonitas,
822 3458 853 3505 ut
880 3467 978 3508 eorum
1004 3451 1075 3509 velit
1097 3471 1161 3512 esse
1186 3473 1247 3513 me-

122 3524 140 3558 *
189 3519 194 3598 ξ
218 3532 276 3590 rita
289 3531 349 3604 ¹³),
369 3550 441 3609 quae
460 3538 524 3590 sunt
541 3530 629 3610 ipsius
647 3527 731 3589 dona.
777 3529 815 3589 Et
832 3535 897 3612 quia
915 3536 944 3594 in
962 3536 1056 3610 multis
1075 3536 1246 3599 offendimus

271 3745 349 3791 Sors.
363 3745 406 3809 VJ.
425 3748 436 3788 t
457 3745 527 3788 lictor.
538 3745 581 3800 Vl,
590 3749 623 3790 to.
633 3770 658 3780 -
666 3746 691 3798 2)
699 3745 731 3791 ib.
741 3747 773 3792 X.
783 3750 817 3794 tu.
826 3771 852 3782 -
860 3752 883 3806 8)
894 3749 977 3794 Matth.
987 3751 1019 3794 X.
1028 3756 1098 3806 22,-
1106 3758 1129 3810 l)
1138 3755 1194 3800 Rom
1215 3757 1239 3800 V

218 3803 287 3893 ²¹2*
299 3802 323 3892 ,5)
337 3797 969 3904 ²3¹?'sitisti-¹⁰b'l'riritri‘rl?‘ln’dlii‘ii'
979 3803 1091 3900 iem-'¹1³1‘
1106 3809 1168 3901 35³
1178 3807 1246 3902 ¹⁰1³&

219 3849 255 3945 iii
273 3853 393 3954 1ἰηιῖῦοικ
405 3851 425 3941 i.
435 3901 468 3940 bl.
489 3898 556 3948 2005
565 3899 597 3942 X.
608 3903 641 3945 rt.
651 3925 676 3936 —
687 3904 722 3955 ts)
732 3914 763 3945 ex
773 3885 949 3958 operato-itui
958 3905 978 3949 1.
989 3889 1017 3950 ud
1028 3862 1202 3963 episeiGnlii'e.
1211 3890 1245 3956 ¹2:
