2654 4330
164 193 198 270 .’
262 218 522 276 sessroxxu.
557 220 881 280 nneerouman
1013 217 1087 286 aas

77 363 210 445 episcopis
223 359 478 442 praescribendam
497 363 624 443 quolibet
642 363 689 424 dic
707 375 814 427 statuto
833 368 1088 448 nonimpleverint,

78 452 144 510 illius
160 447 217 508 diei
235 446 463 508 distributione·
481 450 626 522 amittant,
645 469 701 510 nec
719 451 780 512 eius
799 469 915 533 quoquo
933 452 1018 514 modo
1037 452 1089 513 do·

79 537 180 595 niniam
197 535 360 616 acquirant,
382 531 434 592 sed
456 533 584 594 fabricae
603 536 766 608 ecclcsiae,
790 547 928 616 quatenus
950 537 1088 617 indigeat,

79 632 119 680 ant
138 619 219 680 alteri
241 621 290 700 pio
312 619 379 679 loco
401 618 523 680 arbitrio
546 619 685 681 ordinarii
707 623 877 702 applicetur.
931 623 1089 686 Crescente
1133 677 1138 694 ,

78 725 137 765 vero
164 704 343 764 contumacia
366 715 468 765 contra
494 725 547 766 eos
572 707 651 766 iuxta
678 726 825 767 sacrorum
854 728 992 769 canonum
1021 730 1090 770 con·
1132 705 1140 714 ’

78 791 227 850 stitutiones
249 789 459 871 procedant1).
504 789 632 864 Quodsi
654 792 741 852 alicui
764 813 801 854 ex
817 793 975 874 praedictis
996 793 1091 874 digni·
1125 851 1129 860 ,

79 875 170 934 tatibus
191 876 221 934 in
243 875 378 936 ecclesiis
401 873 613 936 cathedralibus
634 877 681 938 vel
704 877 867 958 collegiatis
895 879 931 940 de
955 881 1016 940 iura
1039 899 1091 944 sen

77 957 273 1022 consuetudine
292 957 467 1032 iurisdictio,
492 959 699 1022 administratio
722 963 770 1023 vel
793 963 913 1025 officium
937 985 994 1024 non
1012 985 1091 1026 com·

76 1057 159 1126 petat,
181 1045 233 1108 scd
256 1056 340 1107 extra
362 1046 506 1106 ciuitatem
529 1047 558 1108 in
580 1044 711 1114 dioecesi
732 1068 802 1110 cura
823 1051 978 1112 animarum
1000 1052 1091 1112 immi·

79 1143 145 1204 neat,
162 1133 207 1194 cui
224 1133 259 1205 is,
279 1131 328 1213 qui
345 1129 514 1210 dignitatem
533 1132 658 1205 obtinet,
682 1133 848 1196 incumbere
866 1137 1004 1198 voluerit:
1017 1146 1092 1214 ¹tunc

79 1238 123 1296 pro
144 1228 287 1298 tempore,
311 1237 366 1297 quo
394 1217 545 1277 incurata
571 1218 698 1278 ecclesia
725 1219 868 1282 resederit
890 1241 926 1282 ac
948 1221 1092 1282 ministra·

80 1305 149 1374 vcrit,
176 1314 309 1383 unquam
334 1319 472 1384 praeseus
498 1304 536 1362 sit
562 1323 596 1362 ac
624 1303 726 1364 divinis
753 1306 876 1379 intersit,
908 1308 936 1366 in
959 1307 1092 1367 ecclesiis

81 1387 279 1449 cathedralibus
296 1408 332 1447 ac
351 1388 515 1466 collegiatis
532 1383 681 1450 habeatur.
727 1391 806 1451 Haec
825 1393 854 1452 in
872 1393 908 1451 iis
926 1400 1032 1452 tantum
1043 1411 1093 1451 ec·

81 1475 163 1533 clesiis
180 1475 336 1534 constituta
354 1474 564 1551 intelligantur,
589 1476 619 1534 in
637 1475 738 1554 qulbus
755 1478 834 1537 nulla
852 1476 1091 1539 cstcousuetudo

80 1559 119 1618 sel
134 1569 277 1631 statutum,
295 1568 327 1618 ut
344 1556 440 1618 dictae
458 1557 616 1637 dignitates
633 1581 690 1620 non
708 1563 868 1623 servientes
885 1563 992 1641 aliquid
1011 1564 1093 1644 amit-

81 1653 144 1716 tant,
167 1643 241 1724 quod
263 1642 303 1704 ad
320 1645 434 1704 tertiam
456 1653 568 1722 partem
589 1644 731 1706 dictorum
754 1648 895 1707 fructuum
918 1658 948 1706 et
970 1667 1093 1728 proven·

81 1738 146 1791 tuum
161 1728 334 1802 adscendat3
351 1748 408 1788 non
427 1728 605 1792 obstantibus
618 1732 880 1805 consuetudinibus,
900 1735 984 1792 etiam
994 1735 1094 1793 imme·
1106 1742 1146 1787 naa
1194 1775 1196 1780 ,

82 1815 266 1888 morabilibus,
298 1815 527 1894 exemptionibus
553 1827 584 1877 et
610 1818 875 1889 constitutionibus,
903 1821 992 1878 etiam·
1015 1820 1095 1877 iura·

82 1911 163 1960 uento
180 1902 328 1981 et‘quavis
345 1903 517 1961 auctoritate
537 1903 666 1961 firmatis.

83 2021 105 2070 G.
116 2023 152 2068 lv.
183 2024 216 2071 Ia
231 2023 343 2071 ecclesio
357 2023 509 2072 cotbcdroh'
521 2025 563 2072 oei
576 2024 717 2088 collegiata
731 2029 809 2075 rdcro
824 2025 912 2073 ordine
927 2040 977 2073 noo
992 2022 1096 2074 initiati

109 2103 185 2138 coccea
199 2094 226 2140 in
239 2092 356 2153 capitulo
372 2106 422 2141 ooo
437 2092 560 2140 babeant.
589 2095 741 2152 qualitates
753 2101 782 2143 et
795 2109 876 2143 onero
891 2095 1060 2144 obtinentium

459 2159 585 2221 benficia
597 2164 625 2211 a'o
639 2163 701 2211 illia.
967 2169 969 2176 ’

156 2246 321 2327 Quicunque
339 2249 368 2305 iu
387 2246 548 2307 cathedrali
565 2249 611 2307 vel
631 2249 800 2327 colleg'ata,
823 2248 964 2309 saeculari
981 2250 1027 2308 vel
1046 2268 1094 2308 rc·

85 2330 162 2405 gulari
183 2334 324 2405 ecclesia,
352 2331 453 2392 divinis
476 2335 652 2413 mancipatus
676 2333 790 2405 officiis,
819 2335 847 2392 in
871 2333 1094 2398 subdiaconatus

86 2413 171 2476 ordine
189 2420 290 2479 saltem
309 2417 479 2479 constitutus
497 2438 554 2478 non
572 2422 624 2491 sit,
646 2438 748 2478 vocem
771 2421 800 2478 iu
818 2415 979 2479 huiusmodi
997 2420 1094 2479 eccle·
1162 2487 1166 2498 ⁸

86 2500 125 2558 siis
144 2503 171 2561 in
193 2504 320 2584 capitulo
343 2522 400 2563 non
423 2504 542 2575 haheat,
566 2507 677 2565 etiamsi
699 2505 755 2564 boc
777 2504 832 2565 sihi
854 2505 891 2565 ab
914 2504 977 2564 aliis
1002 2505 1093 2566 libere

86 2584 159 2645 luerit
175 2608 353 2650 concessum.
398 2588 422 2649 li
439 2609 521 2662 vero,
541 2592 588 2671 qui
606 2589 771 2669 dignitates,
790 2601 970 2669 personatus,
989 2589 1093 2661 officia,

86 2673 263 2747 praebendas,
291 2676 440 2754 portiones
471 2696 506 2735 ac
534 2675 679 2755 quaelibet
705 2675 761 2736 alia
788 2676 931 2736 beneficia
958 2677 987 2734 in
1010 2673 1094 2735 dictis

88 2759 205 2820 ecclesiis
227 2761 371 2832 obtinent,
394 2771 444 2820 aut
461 2763 490 2819 in
507 2771 653 2841 posterum
672 2761 854 2831 obtinebunt,
883 2761 983 2840 quibus
1005 2781 1095 2820 onera

86 2843 153 2901 varia
168 2856 232 2904 sunt
253 2865 380 2917 annexa,
402 2844 553 2918 videlicet,
576 2858 608 2906 nt
630 2847 679 2905 alii
697 2847 811 2918 missas,
834 2846 883 2905 alii
906 2846 1101 2924 evangelium,¹

87 2925 127 2983 alii
144 2932 277 3008 epistolas
295 2930 393 2991 dicant
411 2951 462 2991 seu
481 2943 612 3004 cantent,
637 2949 805 3010 quocunque
824 2931 845 2991 ii
863 2931 1024 3010 privilegio,
1044 2949 1096 2990 ex·

84 3015 230 3089 emptione,
249 3019 466 3098 praerogativa,
495 3020 611 3097 generis
635 3017 784 3077 nobilitate
806 3017 864 3075 sint
885 3015 1028 3094 insigniti,
1051 3027 1098 3076 te·

88 3109 194 3160 neantur
210 3104 285 3162 iusto
308 3101 511 3182 impedimento
535 3113 667 3164 cessante
685 3103 761 3162 inira
778 3121 879 3161 annum
900 3098 1016 3162 ordines
1034 3120 1096 3161 sus·

89 3180 173 3258 cipere
190 3189 357 3267 requisitos;
380 3189 507 3267 alioquin
524 3207 633 3268 poenas
651 3192 800 3248 incurrant
817 3189 896 3246 iuxta
915 3187 1097 3246 constitutio·

89 3282 142 3326 ueni
167 3274 281 3334 concilii
303 3273 475 3334 Viennensis
484 3275 529 3348 ²),
557 3293 629 3353 quae
652 3273 767 3352 incipit:
803 3275 842 3334 h't
861 3274 898 3343 ii,
922 3273 985 3350 qui,
1014 3284 1096 3350 quam

86 3358 219 3425 praesenti
245 3355 366 3420 decreto
394 3360 519 3420 innovat.
569 3359 738 3439 Cogantque
765 3358 895 3438 episcopi
918 3375 969 3416 eos
996 3355 1098 3418 diebus

85 3441 189 3500 statutis
215 3441 309 3506 dictos
336 3444 454 3506 ordines
479 3465 533 3526 per
558 3463 589 3504 se
617 3445 694 3523 ipsos
721 3462 861 3504 exercere
870 3443 915 3516 ⁸),
943 3461 978 3502 ac
996 3452 1098 3503 cetera
1200 3485 1204 3492 ·

87 3526 172 3584 onnia
188 3527 290 3602 officia,
309 3551 382 3611 quae
400 3530 516 3604 debent,
535 3531 661 3592 incultu
680 3529 775 3589 divino
793 3538 951 3608 praestare,
970 3527 1022 3588 sub
1041 3529 1084 3590 eis

88 3600 145 3666 dem
165 3621 195 3671 et
214 3614 277 3674 aliis
300 3619 387 3678 etiam
405 3616 586 3696 graviorffius
607 3617 723 3696 poenis,
747 3614 867 3674 arbitrio
890 3631 988 3675 eorum
1007 3615 1098 3694 inpo-

93 3729 286 3756 “”“·--

132 3795 202 3846 ⁸⁸¹¹·
211 3803 291 3850 ΠΗ·
311 3811 332 3862 ¹)
343 3807 374 3852 ci.
386 3805 528 3853 Senem.
539 3820 560 3853 c.
571 3812 612 3852 clt.
623 3814 647 3851 at
656 3807 702 3872 lpc.
712 3806 921 3862 pectinatim
929 3811 950 3852 t.
959 3831 985 3844 -
993 3805 1097 3858 alelen.

91 3847 1098 3963 aerumnose·ucattutuotutassen-uoco
