<?xml version="1.0" encoding="UTF-8"?>
<!DOCTYPE html PUBLIC "-//W3C//DTD XHTML 1.0 Transitional//EN"
    "http://www.w3.org/TR/xhtml1/DTD/xhtml1-transitional.dtd">
<html xmlns="http://www.w3.org/1999/xhtml" xml:lang="en" lang="en">
 <head>
  <title>
</title>
<meta http-equiv="Content-Type" content="text/html;charset=utf-8" />
  <meta name='ocr-system' content='tesseract 3.04.00' />
  <meta name='ocr-capabilities' content='ocr_page ocr_carea ocr_par ocr_line ocrx_word'/>
</head>
<body>
  <div class='ocr_page' id='page_1' title='image "./canonesetdecret00stergoog_0063.png"; bbox 0 0 2652 4330; ppageno 0'>
   <div class='ocr_carea' id='block_1_1' title="bbox 210 253 1096 316">
    <p class='ocr_par' dir='ltr' id='par_1_1' title="bbox 210 253 1096 316">
     <span class='ocr_line' id='line_1_1' title="bbox 210 253 1096 316; baseline -0.005 -2"><span class='ocrx_word' id='word_1_1' title='bbox 210 253 272 314; x_wconf 67' lang='grc' dir='ltr'><strong>ῧΙ.</strong></span> <span class='ocrx_word' id='word_1_2' title='bbox 369 261 512 316; x_wconf 76' lang='lat' dir='ltr'><strong>sussto</strong></span> <span class='ocrx_word' id='word_1_3' title='bbox 532 258 617 313; x_wconf 79' lang='lat' dir='ltr'><strong>vlu.</strong></span> <span class='ocrx_word' id='word_1_4' title='bbox 640 257 697 311; x_wconf 77' lang='lat' dir='ltr'><strong>De</strong></span> <span class='ocrx_word' id='word_1_5' title='bbox 715 255 947 314; x_wconf 71' lang='lat' dir='ltr'><strong>subustus.</strong></span> <span class='ocrx_word' id='word_1_6' title='bbox 965 253 1096 311; x_wconf 67' lang='lat' dir='ltr'><strong>cone·</strong></span> 
     </span>
    </p>
   </div>
   <div class='ocr_carea' id='block_1_2' title="bbox 210 385 1305 792">
    <p class='ocr_par' dir='ltr' id='par_1_2' title="bbox 210 385 1305 792">
     <span class='ocr_line' id='line_1_2' title="bbox 212 385 1244 466; baseline -0.004 -14"><span class='ocrx_word' id='word_1_7' title='bbox 212 393 241 452; x_wconf 87' lang='lat' dir='ltr'><strong>ei</strong></span> <span class='ocrx_word' id='word_1_8' title='bbox 266 411 336 452; x_wconf 89' lang='lat' dir='ltr'><strong>ausu</strong></span> <span class='ocrx_word' id='word_1_9' title='bbox 362 390 517 450; x_wconf 87' lang='lat' dir='ltr'><strong>temerario</strong></span> <span class='ocrx_word' id='word_1_10' title='bbox 544 388 699 448; x_wconf 70' lang='lat' dir='ltr'><strong>conmabe.</strong></span> <span class='ocrx_word' id='word_1_11' title='bbox 745 385 777 450; x_wconf 89' lang='lat' dir='ltr'><strong>Si</strong></span> <span class='ocrx_word' id='word_1_12' title='bbox 804 387 867 466; x_wconf 83' lang='lat' dir='ltr'><strong>quis</strong></span> <span class='ocrx_word' id='word_1_13' title='bbox 893 397 987 448; x_wconf 64' lang='lat' dir='ltr'><strong>anum</strong></span> <span class='ocrx_word' id='word_1_14' title='bbox 1013 387 1070 448; x_wconf 89' lang='lat' dir='ltr'><strong>boc</strong></span> <span class='ocrx_word' id='word_1_15' title='bbox 1096 397 1244 448; x_wconf 83' lang='lat' dir='ltr'><strong>attentare</strong></span> 
     </span>
     <span class='ocr_line' id='line_1_3' title="bbox 213 471 1305 557; baseline -0.005 -21"><span class='ocrx_word' id='word_1_16' title='bbox 213 477 445 557; x_wconf 77' lang='lat' dir='ltr'><strong>praesumpserit,</strong></span> <span class='ocrx_word' id='word_1_17' title='bbox 464 474 689 552; x_wconf 77' lang='lat' dir='ltr'>indignationem</span> <span class='ocrx_word' id='word_1_18' title='bbox 713 474 915 553; x_wconf 90' lang='lat' dir='ltr'><strong>omnipotentis</strong></span> <span class='ocrx_word' id='word_1_19' title='bbox 937 471 1006 545; x_wconf 85' lang='lat' dir='ltr'><strong>Dei,</strong></span> <span class='ocrx_word' id='word_1_20' title='bbox 1034 491 1069 532; x_wconf 88' lang='lat' dir='ltr'><strong>ac</strong></span> <span class='ocrx_word' id='word_1_21' title='bbox 1091 471 1242 532; x_wconf 89' lang='lat' dir='ltr'><strong>beatorum</strong></span> <span class='ocrx_word' id='word_1_22' title='bbox 1304 479 1305 530; x_wconf 70' lang='lat' dir='ltr'><strong>l</strong></span> 
     </span>
     <span class='ocr_line' id='line_1_4' title="bbox 212 557 1245 638; baseline -0.005 -17"><span class='ocrx_word' id='word_1_23' title='bbox 212 563 290 621; x_wconf 87' lang='lat' dir='ltr'><strong>Petri</strong></span> <span class='ocrx_word' id='word_1_24' title='bbox 313 572 344 620; x_wconf 92' lang='lat' dir='ltr'><strong>et</strong></span> <span class='ocrx_word' id='word_1_25' title='bbox 361 561 440 619; x_wconf 89' lang='lat' dir='ltr'><strong>Pauli</strong></span> <span class='ocrx_word' id='word_1_26' title='bbox 457 559 663 638; x_wconf 80' lang='lat' dir='ltr'><strong>Apostolorum</strong></span> <span class='ocrx_word' id='word_1_27' title='bbox 685 560 748 618; x_wconf 88' lang='lat' dir='ltr'><strong>cius</strong></span> <span class='ocrx_word' id='word_1_28' title='bbox 770 577 801 618; x_wconf 89' lang='lat' dir='ltr'><strong>se</strong></span> <span class='ocrx_word' id='word_1_29' title='bbox 825 559 938 618; x_wconf 88' lang='lat' dir='ltr'><strong>noverit</strong></span> <span class='ocrx_word' id='word_1_30' title='bbox 960 559 1148 628; x_wconf 78' lang='lat' dir='ltr'><strong>incursurum.</strong></span> <span class='ocrx_word' id='word_1_31' title='bbox 1185 557 1245 616; x_wconf 83' lang='lat' dir='ltr'><strong>Ila-</strong></span> 
     </span>
     <span class='ocr_line' id='line_1_5' title="bbox 212 637 1245 723; baseline -0.004 -19"><span class='ocrx_word' id='word_1_32' title='bbox 212 657 270 706; x_wconf 87' lang='lat' dir='ltr'><strong>tum</strong></span> <span class='ocrx_word' id='word_1_33' title='bbox 297 645 404 705; x_wconf 83' lang='lat' dir='ltr'><strong>llomue</strong></span> <span class='ocrx_word' id='word_1_34' title='bbox 432 643 506 723; x_wconf 90' lang='lat' dir='ltr'><strong>apud</strong></span> <span class='ocrx_word' id='word_1_35' title='bbox 534 642 565 702; x_wconf 87' lang='lat' dir='ltr'><strong>S.</strong></span> <span class='ocrx_word' id='word_1_36' title='bbox 594 643 709 703; x_wconf 88' lang='lat' dir='ltr'><strong>Petrum</strong></span> <span class='ocrx_word' id='word_1_37' title='bbox 740 663 815 702; x_wconf 89' lang='lat' dir='ltr'><strong>anuo</strong></span> <span class='ocrx_word' id='word_1_38' title='bbox 840 637 1047 702; x_wconf 81' lang='lat' dir='ltr'><strong>luceruationis</strong></span> <span class='ocrx_word' id='word_1_39' title='bbox 1079 641 1245 701; x_wconf 86' lang='lat' dir='ltr'><strong>dominicae</strong></span> 
     </span>
     <span class='ocr_line' id='line_1_6' title="bbox 210 727 1134 792; baseline -0.005 -1"><span class='ocrx_word' id='word_1_40' title='bbox 210 751 337 792; x_wconf 68' lang='lat' dir='ltr'><strong>uunvrr.</strong></span> <span class='ocrx_word' id='word_1_41' title='bbox 356 751 416 788; x_wconf 82' lang='lat' dir='ltr'><strong>vrri.</strong></span> <span class='ocrx_word' id='word_1_42' title='bbox 436 727 560 789; x_wconf 78' lang='lat' dir='ltr'>Kalend.</span> <span class='ocrx_word' id='word_1_43' title='bbox 578 727 663 788; x_wconf 80' lang='lat' dir='ltr'><strong>Mart</strong></span> <span class='ocrx_word' id='word_1_44' title='bbox 683 728 870 788; x_wconf 83' lang='lat' dir='ltr'><strong>Pontificatus</strong></span> <span class='ocrx_word' id='word_1_45' title='bbox 892 729 982 786; x_wconf 90' lang='lat' dir='ltr'><strong>nostri</strong></span> <span class='ocrx_word' id='word_1_46' title='bbox 1001 747 1075 785; x_wconf 89' lang='lat' dir='ltr'><strong>anno</strong></span> <span class='ocrx_word' id='word_1_47' title='bbox 1093 747 1134 786; x_wconf 79' lang='grc' dir='ltr'><strong>ιι.</strong></span> 
     </span>
    </p>
   </div>
   <div class='ocr_carea' id='block_1_3' title="bbox 729 824 1158 1024">
    <p class='ocr_par' dir='ltr' id='par_1_3' title="bbox 729 824 1158 1024">
     <span class='ocr_line' id='line_1_7' title="bbox 729 824 1069 905; baseline 0 -1"><span class='ocrx_word' id='word_1_48' title='bbox 729 845 795 905; x_wconf 73' lang='lat' dir='ltr'><strong>Fun.</strong></span> <span class='ocrx_word' id='word_1_49' title='bbox 815 824 965 904; x_wconf 58' lang='lat' dir='ltr'><strong>Errsdorus</strong></span> <span class='ocrx_word' id='word_1_50' title='bbox 985 843 1069 904; x_wconf 81' lang='lat' dir='ltr'><strong>Sror..</strong></span> 
     </span>
     <span class='ocr_line' id='line_1_8' title="bbox 973 963 1158 1024; baseline 0.005 -2"><span class='ocrx_word' id='word_1_51' title='bbox 973 963 1006 1022; x_wconf 87' lang='lat' dir='ltr'><strong>B.</strong></span> <span class='ocrx_word' id='word_1_52' title='bbox 1026 965 1158 1024; x_wconf 74' lang='lat' dir='ltr'><strong>Morus.</strong></span> 
     </span>
    </p>
   </div>
   <div class='ocr_carea' id='block_1_4' title="bbox 626 1127 829 1136">
    <p class='ocr_par' dir='ltr' id='par_1_4' title="bbox 626 1127 829 1136">
     <span class='ocr_line' id='line_1_9' title="bbox 626 1127 829 1136; baseline -0.005 0"><span class='ocrx_word' id='word_1_53' title='bbox 626 1127 829 1136; x_wconf 63' lang='grc' dir='ltr'><strong>...ι-...η--ι--ι</strong></span> 
     </span>
    </p>
   </div>
   <div class='ocr_carea' id='block_1_5' title="bbox 404 1291 1051 1532">
    <p class='ocr_par' dir='ltr' id='par_1_5' title="bbox 404 1291 1051 1532">
     <span class='ocr_line' id='line_1_10' title="bbox 510 1291 944 1361; baseline -0.005 -18"><span class='ocrx_word' id='word_1_54' title='bbox 510 1293 692 1344; x_wconf 80' lang='lat' dir='ltr'><strong>sessio</strong></span> <span class='ocrx_word' id='word_1_55' title='bbox 725 1291 944 1361; x_wconf 70' lang='lat' dir='ltr'><strong>curave,</strong></span> 
     </span>
     <span class='ocr_line' id='line_1_11' title="bbox 608 1392 842 1438; baseline 0 0"><span class='ocrx_word' id='word_1_56' title='bbox 608 1392 842 1438; x_wconf 70' lang='lat' dir='ltr'><strong>unumunurn</strong></span> 
     </span>
     <span class='ocr_line' id='line_1_12' title="bbox 404 1485 1051 1532; baseline -0.003 0"><span class='ocrx_word' id='word_1_57' title='bbox 404 1487 468 1532; x_wconf 80' lang='lat' dir='ltr'><strong>ure</strong></span> <span class='ocrx_word' id='word_1_58' title='bbox 485 1486 534 1532; x_wconf 88' lang='lat' dir='ltr'><strong>xr.</strong></span> <span class='ocrx_word' id='word_1_59' title='bbox 557 1485 854 1531; x_wconf 81' lang='lat' dir='ltr'><strong>neus1susrr11</strong></span> <span class='ocrx_word' id='word_1_60' title='bbox 876 1485 1051 1530; x_wconf 81' lang='lat' dir='ltr'><strong>nuxuvrr.</strong></span> 
     </span>
    </p>
   </div>
   <div class='ocr_carea' id='block_1_6' title="bbox 322 1617 1134 1666">
    <p class='ocr_par' dir='ltr' id='par_1_6' title="bbox 322 1617 1134 1666">
     <span class='ocr_line' id='line_1_13' title="bbox 322 1617 1134 1666; baseline -0.006 1"><span class='ocrx_word' id='word_1_61' title='bbox 322 1617 535 1666; x_wconf 69' lang='lat' dir='ltr'><strong>DEGBE&#39;I&#39;UM</strong></span> <span class='ocrx_word' id='word_1_62' title='bbox 554 1617 606 1663; x_wconf 71' lang='lat' dir='ltr'><strong>&#39;DE</strong></span> <span class='ocrx_word' id='word_1_63' title='bbox 630 1617 928 1663; x_wconf 73' lang='lat' dir='ltr'><strong>TRANSLA&#39;HONE</strong></span> <span class='ocrx_word' id='word_1_64' title='bbox 957 1617 1134 1664; x_wconf 77' lang='lat' dir='ltr'><strong>couclun.</strong></span> 
     </span>
    </p>
   </div>
   <div class='ocr_carea' id='block_1_7' title="bbox 177 1709 1304 3848">
    <p class='ocr_par' dir='ltr' id='par_1_7' title="bbox 211 1709 1304 3253">
     <span class='ocr_line' id='line_1_14' title="bbox 297 1709 1292 1786; baseline -0.004 -10"><span class='ocrx_word' id='word_1_65' title='bbox 297 1718 433 1776; x_wconf 78' lang='lat' dir='ltr'><strong>Placetne</strong></span> <span class='ocrx_word' id='word_1_66' title='bbox 461 1715 543 1774; x_wconf 90' lang='lat' dir='ltr'><strong>vobis</strong></span> <span class='ocrx_word' id='word_1_67' title='bbox 570 1714 729 1774; x_wconf 83' lang='lat' dir='ltr'><strong>decernere</strong></span> <span class='ocrx_word' id='word_1_68' title='bbox 757 1726 787 1774; x_wconf 94' lang='lat' dir='ltr'><strong>et</strong></span> <span class='ocrx_word' id='word_1_69' title='bbox 813 1714 982 1786; x_wconf 88' lang='lat' dir='ltr'><strong>declarare,</strong></span> <span class='ocrx_word' id='word_1_70' title='bbox 1020 1715 1056 1775; x_wconf 91' lang='lat' dir='ltr'><strong>de</strong></span> <span class='ocrx_word' id='word_1_71' title='bbox 1083 1715 1245 1776; x_wconf 88' lang='lat' dir='ltr'><strong>huiusmodi</strong></span> <span class='ocrx_word' id='word_1_72' title='bbox 1290 1709 1292 1718; x_wconf 84' lang='lat'>&#39;</span> 
     </span>
     <span class='ocr_line' id='line_1_15' title="bbox 211 1800 1242 1881; baseline -0.004 -19"><span class='ocrx_word' id='word_1_73' title='bbox 211 1803 312 1862; x_wconf 90' lang='lat' dir='ltr'><strong>morbo</strong></span> <span class='ocrx_word' id='word_1_74' title='bbox 332 1822 369 1862; x_wconf 83' lang='lat' dir='ltr'><strong>ex</strong></span> <span class='ocrx_word' id='word_1_75' title='bbox 386 1801 550 1881; x_wconf 84' lang='lat' dir='ltr'><strong>praemissis</strong></span> <span class='ocrx_word' id='word_1_76' title='bbox 569 1811 599 1860; x_wconf 91' lang='lat' dir='ltr'><strong>et</strong></span> <span class='ocrx_word' id='word_1_77' title='bbox 616 1800 680 1858; x_wconf 92' lang='lat' dir='ltr'><strong>aliis</strong></span> <span class='ocrx_word' id='word_1_78' title='bbox 698 1801 830 1879; x_wconf 85' lang='lat' dir='ltr'><strong>allegatis</strong></span> <span class='ocrx_word' id='word_1_79' title='bbox 848 1801 888 1858; x_wconf 88' lang='lat' dir='ltr'><strong>ita</strong></span> <span class='ocrx_word' id='word_1_80' title='bbox 911 1802 1062 1860; x_wconf 81' lang='lat' dir='ltr'><strong>manifeste</strong></span> <span class='ocrx_word' id='word_1_81' title='bbox 1081 1813 1111 1861; x_wconf 88' lang='lat' dir='ltr'><strong>et</strong></span> <span class='ocrx_word' id='word_1_82' title='bbox 1130 1803 1242 1860; x_wconf 90' lang='lat' dir='ltr'><strong>notorie</strong></span> 
     </span>
     <span class='ocr_line' id='line_1_16' title="bbox 213 1885 1242 1966; baseline -0.004 -18"><span class='ocrx_word' id='word_1_83' title='bbox 213 1899 356 1959; x_wconf 89' lang='lat' dir='ltr'><strong>constare,</strong></span> <span class='ocrx_word' id='word_1_84' title='bbox 376 1899 408 1946; x_wconf 94' lang='lat' dir='ltr'><strong>ut</strong></span> <span class='ocrx_word' id='word_1_85' title='bbox 424 1888 546 1966; x_wconf 91' lang='lat' dir='ltr'><strong>praelati</strong></span> <span class='ocrx_word' id='word_1_86' title='bbox 565 1889 593 1945; x_wconf 93' lang='lat' dir='ltr'><strong>in</strong></span> <span class='ocrx_word' id='word_1_87' title='bbox 612 1885 666 1944; x_wconf 89' lang='lat' dir='ltr'><strong>bac</strong></span> <span class='ocrx_word' id='word_1_88' title='bbox 687 1887 803 1945; x_wconf 89' lang='lat' dir='ltr'><strong>civitate</strong></span> <span class='ocrx_word' id='word_1_89' title='bbox 819 1887 879 1945; x_wconf 90' lang='lat' dir='ltr'><strong>siue</strong></span> <span class='ocrx_word' id='word_1_90' title='bbox 894 1888 969 1946; x_wconf 89' lang='lat' dir='ltr'><strong>vitae</strong></span> <span class='ocrx_word' id='word_1_91' title='bbox 985 1885 1153 1946; x_wconf 89' lang='lat' dir='ltr'><strong>discrimine</strong></span> <span class='ocrx_word' id='word_1_92' title='bbox 1169 1907 1242 1947; x_wconf 87' lang='lat' dir='ltr'><strong>com-</strong></span> 
     </span>
     <span class='ocr_line' id='line_1_17' title="bbox 211 1971 1243 2051; baseline -0.006 -16"><span class='ocrx_word' id='word_1_93' title='bbox 211 1977 328 2047; x_wconf 89' lang='lat' dir='ltr'><strong>morari,</strong></span> <span class='ocrx_word' id='word_1_94' title='bbox 347 1984 377 2033; x_wconf 89' lang='lat' dir='ltr'><strong>et</strong></span> <span class='ocrx_word' id='word_1_95' title='bbox 395 1974 424 2032; x_wconf 94' lang='lat' dir='ltr'><strong>iu</strong></span> <span class='ocrx_word' id='word_1_96' title='bbox 447 1992 483 2032; x_wconf 91' lang='lat' dir='ltr'><strong>ea</strong></span> <span class='ocrx_word' id='word_1_97' title='bbox 501 1971 612 2032; x_wconf 90' lang='lat' dir='ltr'><strong>idcirco</strong></span> <span class='ocrx_word' id='word_1_98' title='bbox 632 1973 712 2031; x_wconf 90' lang='lat' dir='ltr'><strong>inviti</strong></span> <span class='ocrx_word' id='word_1_99' title='bbox 731 1973 844 2031; x_wconf 90' lang='lat' dir='ltr'><strong>minime</strong></span> <span class='ocrx_word' id='word_1_100' title='bbox 868 1973 988 2032; x_wconf 88' lang='lat' dir='ltr'><strong>retineri</strong></span> <span class='ocrx_word' id='word_1_101' title='bbox 1010 1974 1121 2051; x_wconf 86' lang='lat' dir='ltr'><strong>possint</strong></span> <span class='ocrx_word' id='word_1_102' title='bbox 1146 1983 1178 2032; x_wconf 91' lang='lat' dir='ltr'><strong>ct</strong></span> <span class='ocrx_word' id='word_1_103' title='bbox 1195 1971 1243 2030; x_wconf 90' lang='lat' dir='ltr'><strong>de-</strong></span> 
     </span>
     <span class='ocr_line' id='line_1_18' title="bbox 211 2058 1243 2138; baseline -0.007 -18"><span class='ocrx_word' id='word_1_104' title='bbox 211 2062 317 2120; x_wconf 76' lang='lat' dir='ltr'><strong>beant?</strong></span> <span class='ocrx_word' id='word_1_105' title='bbox 351 2061 476 2138; x_wconf 86' lang='lat' dir='ltr'><strong>itemque</strong></span> <span class='ocrx_word' id='word_1_106' title='bbox 504 2068 614 2117; x_wconf 88' lang='lat' dir='ltr'><strong>attento</strong></span> <span class='ocrx_word' id='word_1_107' title='bbox 642 2077 760 2117; x_wconf 90' lang='lat' dir='ltr'><strong>recessu</strong></span> <span class='ocrx_word' id='word_1_108' title='bbox 783 2058 933 2117; x_wconf 88' lang='lat' dir='ltr'><strong>multorum</strong></span> <span class='ocrx_word' id='word_1_109' title='bbox 960 2058 1156 2138; x_wconf 88' lang='lat' dir='ltr'><strong>praelatorum</strong></span> <span class='ocrx_word' id='word_1_110' title='bbox 1182 2065 1243 2137; x_wconf 90' lang='lat' dir='ltr'><strong>post</strong></span> 
     </span>
     <span class='ocr_line' id='line_1_19' title="bbox 211 2143 1243 2226; baseline -0.006 -22"><span class='ocrx_word' id='word_1_111' title='bbox 211 2148 341 2226; x_wconf 82' lang='lat' dir='ltr'><strong>proxime</strong></span> <span class='ocrx_word' id='word_1_112' title='bbox 368 2144 553 2224; x_wconf 87' lang='lat' dir='ltr'><strong>praeteritam</strong></span> <span class='ocrx_word' id='word_1_113' title='bbox 582 2143 756 2214; x_wconf 83' lang='lat' dir='ltr'><strong>sessionem,</strong></span> <span class='ocrx_word' id='word_1_114' title='bbox 789 2155 819 2202; x_wconf 93' lang='lat' dir='ltr'><strong>et</strong></span> <span class='ocrx_word' id='word_1_115' title='bbox 846 2144 963 2202; x_wconf 90' lang='lat' dir='ltr'><strong>attentis</strong></span> <span class='ocrx_word' id='word_1_116' title='bbox 990 2143 1243 2223; x_wconf 75' lang='lat' dir='ltr'><strong>protestationibus</strong></span> 
     </span>
     <span class='ocr_line' id='line_1_20' title="bbox 211 2229 1243 2308; baseline -0.003 -19"><span class='ocrx_word' id='word_1_117' title='bbox 211 2231 332 2289; x_wconf 89' lang='lat' dir='ltr'><strong>aliorum</strong></span> <span class='ocrx_word' id='word_1_118' title='bbox 356 2230 543 2308; x_wconf 90' lang='lat' dir='ltr'><strong>complurium</strong></span> <span class='ocrx_word' id='word_1_119' title='bbox 560 2229 755 2307; x_wconf 88' lang='lat' dir='ltr'><strong>praelatorum</strong></span> <span class='ocrx_word' id='word_1_120' title='bbox 778 2229 807 2287; x_wconf 91' lang='lat' dir='ltr'><strong>in</strong></span> <span class='ocrx_word' id='word_1_121' title='bbox 827 2229 1100 2307; x_wconf 84' lang='lat' dir='ltr'><strong>congregationibus</strong></span> <span class='ocrx_word' id='word_1_122' title='bbox 1122 2249 1243 2307; x_wconf 89' lang='lat' dir='ltr'><strong>gencra-</strong></span> 
     </span>
     <span class='ocr_line' id='line_1_21' title="bbox 213 2313 1242 2393; baseline -0.005 -18"><span class='ocrx_word' id='word_1_123' title='bbox 213 2316 287 2375; x_wconf 93' lang='lat' dir='ltr'><strong>libus</strong></span> <span class='ocrx_word' id='word_1_124' title='bbox 305 2316 400 2386; x_wconf 83' lang='lat' dir='ltr'><strong>lactis,</strong></span> <span class='ocrx_word' id='word_1_125' title='bbox 419 2313 486 2372; x_wconf 92' lang='lat' dir='ltr'><strong>binc</strong></span> <span class='ocrx_word' id='word_1_126' title='bbox 506 2315 620 2371; x_wconf 90' lang='lat' dir='ltr'><strong>omniuo</strong></span> <span class='ocrx_word' id='word_1_127' title='bbox 639 2314 742 2373; x_wconf 90' lang='lat' dir='ltr'><strong>timore</strong></span> <span class='ocrx_word' id='word_1_128' title='bbox 762 2314 850 2393; x_wconf 89' lang='lat' dir='ltr'><strong>ipsius</strong></span> <span class='ocrx_word' id='word_1_129' title='bbox 869 2315 960 2374; x_wconf 87' lang='lat' dir='ltr'><strong>morbi</strong></span> <span class='ocrx_word' id='word_1_130' title='bbox 978 2315 1059 2374; x_wconf 92' lang='lat' dir='ltr'><strong>abire</strong></span> <span class='ocrx_word' id='word_1_131' title='bbox 1077 2315 1242 2382; x_wconf 87' lang='lat' dir='ltr'><strong>volentium,</strong></span> 
     </span>
     <span class='ocr_line' id='line_1_22' title="bbox 214 2398 1244 2481; baseline -0.005 -20"><span class='ocrx_word' id='word_1_132' title='bbox 214 2403 261 2481; x_wconf 89' lang='lat' dir='ltr'><strong>qui</strong></span> <span class='ocrx_word' id='word_1_133' title='bbox 280 2403 353 2461; x_wconf 89' lang='lat' dir='ltr'><strong>iuste</strong></span> <span class='ocrx_word' id='word_1_134' title='bbox 373 2398 498 2458; x_wconf 88' lang='lat' dir='ltr'><strong>detineri</strong></span> <span class='ocrx_word' id='word_1_135' title='bbox 521 2418 577 2457; x_wconf 90' lang='lat' dir='ltr'><strong>uon</strong></span> <span class='ocrx_word' id='word_1_136' title='bbox 595 2410 728 2479; x_wconf 90' lang='lat' dir='ltr'><strong>possunt,</strong></span> <span class='ocrx_word' id='word_1_137' title='bbox 753 2410 838 2459; x_wconf 83' lang='lat' dir='ltr'><strong>etex</strong></span> <span class='ocrx_word' id='word_1_138' title='bbox 857 2420 974 2480; x_wconf 88' lang='lat' dir='ltr'><strong>quorum</strong></span> <span class='ocrx_word' id='word_1_139' title='bbox 999 2399 1128 2460; x_wconf 76' lang='lat' dir='ltr'><strong>discessu</strong></span> <span class='ocrx_word' id='word_1_140' title='bbox 1147 2400 1244 2461; x_wconf 89' lang='lat' dir='ltr'><strong>couci-</strong></span> 
     </span>
     <span class='ocr_line' id='line_1_23' title="bbox 213 2484 1304 2566; baseline -0.005 -21"><span class='ocrx_word' id='word_1_141' title='bbox 213 2488 280 2545; x_wconf 91' lang='lat' dir='ltr'><strong>lium</strong></span> <span class='ocrx_word' id='word_1_142' title='bbox 303 2486 348 2546; x_wconf 93' lang='lat' dir='ltr'><strong>vel</strong></span> <span class='ocrx_word' id='word_1_143' title='bbox 376 2484 595 2555; x_wconf 85' lang='lat' dir='ltr'><strong>dissolveretur,</strong></span> <span class='ocrx_word' id='word_1_144' title='bbox 623 2485 669 2543; x_wconf 92' lang='lat' dir='ltr'><strong>vel</strong></span> <span class='ocrx_word' id='word_1_145' title='bbox 697 2505 733 2544; x_wconf 83' lang='lat' dir='ltr'><strong>cx</strong></span> <span class='ocrx_word' id='word_1_146' title='bbox 759 2487 905 2565; x_wconf 83' lang='lat' dir='ltr'><strong>paucitate</strong></span> <span class='ocrx_word' id='word_1_147' title='bbox 932 2487 1126 2566; x_wconf 86' lang='lat' dir='ltr'><strong>praelatorum</strong></span> <span class='ocrx_word' id='word_1_148' title='bbox 1154 2487 1243 2546; x_wconf 92' lang='lat' dir='ltr'><strong>bouus</strong></span> <span class='ocrx_word' id='word_1_149' title='bbox 1303 2487 1304 2490; x_wconf 74' lang='grc'>’</span> 
     </span>
     <span class='ocr_line' id='line_1_24' title="bbox 214 2569 1304 2652; baseline -0.002 -21"><span class='ocrx_word' id='word_1_150' title='bbox 214 2573 275 2631; x_wconf 88' lang='lat' dir='ltr'><strong>eius</strong></span> <span class='ocrx_word' id='word_1_151' title='bbox 292 2591 463 2650; x_wconf 89' lang='lat' dir='ltr'><strong>progressus</strong></span> <span class='ocrx_word' id='word_1_152' title='bbox 481 2569 683 2648; x_wconf 87' lang='lat' dir='ltr'><strong>impediretur,</strong></span> <span class='ocrx_word' id='word_1_153' title='bbox 703 2581 733 2630; x_wconf 90' lang='lat' dir='ltr'><strong>et</strong></span> <span class='ocrx_word' id='word_1_154' title='bbox 750 2581 860 2631; x_wconf 89' lang='lat' dir='ltr'><strong>attento</strong></span> <span class='ocrx_word' id='word_1_155' title='bbox 885 2573 970 2632; x_wconf 90' lang='lat' dir='ltr'><strong>etiam</strong></span> <span class='ocrx_word' id='word_1_156' title='bbox 994 2572 1152 2631; x_wconf 88' lang='lat' dir='ltr'><strong>imminenti</strong></span> <span class='ocrx_word' id='word_1_157' title='bbox 1170 2570 1244 2652; x_wconf 89' lang='lat' dir='ltr'><strong>peri·</strong></span> <span class='ocrx_word' id='word_1_158' title='bbox 1303 2585 1304 2606; x_wconf 65' lang='lat'>¹</span> 
     </span>
     <span class='ocr_line' id='line_1_25' title="bbox 214 2656 1304 2738; baseline -0.005 -21"><span class='ocrx_word' id='word_1_159' title='bbox 214 2658 279 2717; x_wconf 92' lang='lat' dir='ltr'><strong>culo</strong></span> <span class='ocrx_word' id='word_1_160' title='bbox 297 2658 384 2728; x_wconf 86' lang='lat' dir='ltr'><strong>vitae,</strong></span> <span class='ocrx_word' id='word_1_161' title='bbox 404 2666 435 2715; x_wconf 89' lang='lat' dir='ltr'><strong>et</strong></span> <span class='ocrx_word' id='word_1_162' title='bbox 452 2657 516 2715; x_wconf 90' lang='lat' dir='ltr'><strong>aliis</strong></span> <span class='ocrx_word' id='word_1_163' title='bbox 535 2657 628 2717; x_wconf 88' lang='lat' dir='ltr'><strong>causis</strong></span> <span class='ocrx_word' id='word_1_164' title='bbox 646 2675 700 2735; x_wconf 91' lang='lat' dir='ltr'><strong>per</strong></span> <span class='ocrx_word' id='word_1_165' title='bbox 717 2656 828 2736; x_wconf 90' lang='lat' dir='ltr'><strong>aliquos</strong></span> <span class='ocrx_word' id='word_1_166' title='bbox 842 2676 879 2717; x_wconf 85' lang='lat' dir='ltr'><strong>ex</strong></span> <span class='ocrx_word' id='word_1_167' title='bbox 891 2657 1021 2736; x_wconf 90' lang='lat' dir='ltr'><strong>patribus</strong></span> <span class='ocrx_word' id='word_1_168' title='bbox 1039 2659 1068 2717; x_wconf 91' lang='lat' dir='ltr'><strong>in</strong></span> <span class='ocrx_word' id='word_1_169' title='bbox 1087 2658 1157 2736; x_wconf 91' lang='lat' dir='ltr'><strong>ipsis</strong></span> <span class='ocrx_word' id='word_1_170' title='bbox 1177 2677 1243 2717; x_wconf 90' lang='lat' dir='ltr'><strong>cou-</strong></span> <span class='ocrx_word' id='word_1_171' title='bbox 1303 2663 1304 2738; x_wconf 40' lang='grc' dir='ltr'>ξ</span> 
     </span>
     <span class='ocr_line' id='line_1_26' title="bbox 213 2742 1245 2821; baseline -0.002 -20"><span class='ocrx_word' id='word_1_172' title='bbox 213 2743 429 2821; x_wconf 85' lang='lat' dir='ltr'><strong>gregationibus</strong></span> <span class='ocrx_word' id='word_1_173' title='bbox 448 2743 594 2820; x_wconf 89' lang='lat' dir='ltr'><strong>allegatis,</strong></span> <span class='ocrx_word' id='word_1_174' title='bbox 615 2750 713 2819; x_wconf 90' lang='lat' dir='ltr'><strong>utpote</strong></span> <span class='ocrx_word' id='word_1_175' title='bbox 734 2744 847 2802; x_wconf 86' lang='lat' dir='ltr'><strong>notorie</strong></span> <span class='ocrx_word' id='word_1_176' title='bbox 865 2745 942 2802; x_wconf 86' lang='lat' dir='ltr'><strong>veris</strong></span> <span class='ocrx_word' id='word_1_177' title='bbox 960 2754 991 2802; x_wconf 93' lang='lat' dir='ltr'><strong>et</strong></span> <span class='ocrx_word' id='word_1_178' title='bbox 1009 2744 1158 2820; x_wconf 83' lang='lat' dir='ltr'><strong>legitimis:</strong></span> <span class='ocrx_word' id='word_1_179' title='bbox 1187 2742 1245 2821; x_wconf 91' lang='lat' dir='ltr'><strong>pla·</strong></span> 
     </span>
     <span class='ocr_line' id='line_1_27' title="bbox 214 2825 1304 2918; baseline -0.003 -30"><span class='ocrx_word' id='word_1_180' title='bbox 214 2839 298 2888; x_wconf 88' lang='lat' dir='ltr'><strong>cetne</strong></span> <span class='ocrx_word' id='word_1_181' title='bbox 321 2828 402 2888; x_wconf 87' lang='lat' dir='ltr'><strong>vobis</strong></span> <span class='ocrx_word' id='word_1_182' title='bbox 425 2828 558 2886; x_wconf 87' lang='lat' dir='ltr'><strong>similiter</strong></span> <span class='ocrx_word' id='word_1_183' title='bbox 581 2825 740 2886; x_wconf 89' lang='lat' dir='ltr'><strong>decernere</strong></span> <span class='ocrx_word' id='word_1_184' title='bbox 764 2836 794 2886; x_wconf 90' lang='lat' dir='ltr'><strong>et</strong></span> <span class='ocrx_word' id='word_1_185' title='bbox 817 2827 981 2900; x_wconf 87' lang='lat' dir='ltr'><strong>declarare,</strong></span> <span class='ocrx_word' id='word_1_186' title='bbox 1009 2848 1062 2906; x_wconf 90' lang='lat' dir='ltr'><strong>pro</strong></span> <span class='ocrx_word' id='word_1_187' title='bbox 1091 2847 1244 2888; x_wconf 87' lang='lat' dir='ltr'><strong>conserva·</strong></span> <span class='ocrx_word' id='word_1_188' title='bbox 1303 2863 1304 2918; x_wconf 50' lang='lat' dir='ltr'><strong>p</strong></span> 
     </span>
     <span class='ocr_line' id='line_1_28' title="bbox 213 2913 1304 2993; baseline -0.003 -20"><span class='ocrx_word' id='word_1_189' title='bbox 213 2916 292 2974; x_wconf 88' lang='lat' dir='ltr'><strong>tione</strong></span> <span class='ocrx_word' id='word_1_190' title='bbox 311 2924 343 2973; x_wconf 92' lang='lat' dir='ltr'><strong>et</strong></span> <span class='ocrx_word' id='word_1_191' title='bbox 359 2914 563 2993; x_wconf 89' lang='lat' dir='ltr'><strong>prosecutione</strong></span> <span class='ocrx_word' id='word_1_192' title='bbox 587 2913 675 2991; x_wconf 90' lang='lat' dir='ltr'><strong>ipsius</strong></span> <span class='ocrx_word' id='word_1_193' title='bbox 693 2913 824 2984; x_wconf 91' lang='lat' dir='ltr'><strong>concilii,</strong></span> <span class='ocrx_word' id='word_1_194' title='bbox 848 2915 1005 2973; x_wconf 81' lang='lat' dir='ltr'><strong>securitate</strong></span> <span class='ocrx_word' id='word_1_195' title='bbox 1023 2916 1099 2973; x_wconf 89' lang='lat' dir='ltr'><strong>vitae</strong></span> <span class='ocrx_word' id='word_1_196' title='bbox 1119 2916 1243 2992; x_wconf 90' lang='lat' dir='ltr'><strong>ipsorum</strong></span> <span class='ocrx_word' id='word_1_197' title='bbox 1303 2929 1304 2948; x_wconf 64' lang='lat'>¹</span> 
     </span>
     <span class='ocr_line' id='line_1_29' title="bbox 211 2961 1304 3079; baseline -0.005 -20"><span class='ocrx_word' id='word_1_198' title='bbox 211 3001 419 3079; x_wconf 89' lang='lat' dir='ltr'><strong>praelatorum,</strong></span> <span class='ocrx_word' id='word_1_199' title='bbox 449 2999 600 3058; x_wconf 89' lang='lat' dir='ltr'><strong>concilium</strong></span> <span class='ocrx_word' id='word_1_200' title='bbox 624 2998 714 3076; x_wconf 91' lang='lat' dir='ltr'><strong>ipsum</strong></span> <span class='ocrx_word' id='word_1_201' title='bbox 738 2996 774 3057; x_wconf 94' lang='lat' dir='ltr'><strong>ad</strong></span> <span class='ocrx_word' id='word_1_202' title='bbox 798 3000 943 3058; x_wconf 86' lang='lat' dir='ltr'><strong>civitatem</strong></span> <span class='ocrx_word' id='word_1_203' title='bbox 966 2997 1130 3071; x_wconf 89' lang='lat' dir='ltr'><strong>Bononiae,</strong></span> <span class='ocrx_word' id='word_1_204' title='bbox 1158 3000 1244 3059; x_wconf 82' lang='lat' dir='ltr'><strong>veluti</strong></span> <span class='ocrx_word' id='word_1_205' title='bbox 1303 2961 1304 3043; x_wconf 86' lang='lat' dir='ltr'><strong>l</strong></span> 
     </span>
     <span class='ocr_line' id='line_1_30' title="bbox 213 3083 1243 3164; baseline -0.002 -21"><span class='ocrx_word' id='word_1_206' title='bbox 213 3084 250 3144; x_wconf 91' lang='lat' dir='ltr'><strong>ad</strong></span> <span class='ocrx_word' id='word_1_207' title='bbox 268 3087 363 3145; x_wconf 90' lang='lat' dir='ltr'><strong>locum</strong></span> <span class='ocrx_word' id='word_1_208' title='bbox 381 3088 472 3164; x_wconf 90' lang='lat' dir='ltr'><strong>magis</strong></span> <span class='ocrx_word' id='word_1_209' title='bbox 494 3095 638 3164; x_wconf 91' lang='lat' dir='ltr'><strong>paratum,</strong></span> <span class='ocrx_word' id='word_1_210' title='bbox 667 3084 809 3143; x_wconf 89' lang='lat' dir='ltr'><strong>salubrem</strong></span> <span class='ocrx_word' id='word_1_211' title='bbox 828 3095 858 3144; x_wconf 92' lang='lat' dir='ltr'><strong>et</strong></span> <span class='ocrx_word' id='word_1_212' title='bbox 876 3083 1022 3154; x_wconf 89' lang='lat' dir='ltr'><strong>idoneum,</strong></span> <span class='ocrx_word' id='word_1_213' title='bbox 1043 3105 1096 3162; x_wconf 90' lang='lat' dir='ltr'><strong>pro</strong></span> <span class='ocrx_word' id='word_1_214' title='bbox 1115 3096 1243 3164; x_wconf 90' lang='lat' dir='ltr'><strong>tempore</strong></span> 
     </span>
     <span class='ocr_line' id='line_1_31' title="bbox 215 3169 1246 3253; baseline -0.001 -26"><span class='ocrx_word' id='word_1_215' title='bbox 215 3171 444 3253; x_wconf 80' lang='lat' dir='ltr'><strong>transferendum</strong></span> <span class='ocrx_word' id='word_1_216' title='bbox 463 3189 537 3241; x_wconf 87' lang='lat' dir='ltr'><strong>esse,</strong></span> <span class='ocrx_word' id='word_1_217' title='bbox 557 3180 587 3229; x_wconf 91' lang='lat' dir='ltr'><strong>et</strong></span> <span class='ocrx_word' id='word_1_218' title='bbox 605 3189 642 3228; x_wconf 85' lang='lat' dir='ltr'><strong>ex</strong></span> <span class='ocrx_word' id='word_1_219' title='bbox 656 3189 729 3228; x_wconf 91' lang='lat' dir='ltr'><strong>nuuc</strong></span> <span class='ocrx_word' id='word_1_220' title='bbox 745 3171 903 3242; x_wconf 82' lang='lat' dir='ltr'><strong>transferri,</strong></span> <span class='ocrx_word' id='word_1_221' title='bbox 923 3180 954 3228; x_wconf 90' lang='lat' dir='ltr'><strong>et</strong></span> <span class='ocrx_word' id='word_1_222' title='bbox 967 3169 1072 3228; x_wconf 91' lang='lat' dir='ltr'><strong>ibidem</strong></span> <span class='ocrx_word' id='word_1_223' title='bbox 1088 3173 1246 3230; x_wconf 88' lang='lat' dir='ltr'><strong>sessionem</strong></span> 
     </span>
    </p>

    <p class='ocr_par' dir='ltr' id='par_1_8' title="bbox 177 3253 1303 3848">
     <span class='ocr_line' id='line_1_32' title="bbox 177 3253 1303 3334; baseline -0.003 -20"><span class='ocrx_word' id='word_1_224' title='bbox 177 3259 268 3317; x_wconf 77' lang='lat' dir='ltr'><strong>triam</strong></span> <span class='ocrx_word' id='word_1_225' title='bbox 287 3257 421 3318; x_wconf 90' lang='lat' dir='ltr'><strong>indictam</strong></span> <span class='ocrx_word' id='word_1_226' title='bbox 449 3266 555 3316; x_wconf 86' lang='lat' dir='ltr'><strong>statuta</strong></span> <span class='ocrx_word' id='word_1_227' title='bbox 572 3253 620 3313; x_wconf 90' lang='lat' dir='ltr'><strong>die</strong></span> <span class='ocrx_word' id='word_1_228' title='bbox 638 3255 776 3332; x_wconf 86' lang='lat' dir='ltr'><strong>vigesima</strong></span> <span class='ocrx_word' id='word_1_229' title='bbox 797 3257 888 3334; x_wconf 86' lang='lat' dir='ltr'><strong>prima</strong></span> <span class='ocrx_word' id='word_1_230' title='bbox 910 3253 1018 3333; x_wconf 84' lang='lat' dir='ltr'><strong>Aprilis</strong></span> <span class='ocrx_word' id='word_1_231' title='bbox 1042 3256 1242 3315; x_wconf 88' lang='lat' dir='ltr'><strong>celebrandam</strong></span> <span class='ocrx_word' id='word_1_232' title='bbox 1302 3315 1303 3322; x_wconf 9' lang='grc' dir='ltr'>χ</span> 
     </span>
     <span class='ocr_line' id='line_1_33' title="bbox 213 3338 1242 3420; baseline -0.007 -17"><span class='ocrx_word' id='word_1_233' title='bbox 213 3363 277 3403; x_wconf 90' lang='lat' dir='ltr'><strong>esse</strong></span> <span class='ocrx_word' id='word_1_234' title='bbox 297 3355 327 3403; x_wconf 89' lang='lat' dir='ltr'><strong>et</strong></span> <span class='ocrx_word' id='word_1_235' title='bbox 345 3343 501 3414; x_wconf 67' lang='lat' dir='ltr'><strong>celebrari,</strong></span> <span class='ocrx_word' id='word_1_236' title='bbox 521 3349 552 3400; x_wconf 88' lang='lat' dir='ltr'><strong>et</strong></span> <span class='ocrx_word' id='word_1_237' title='bbox 568 3342 730 3399; x_wconf 86' lang='lat' dir='ltr'><strong>successive</strong></span> <span class='ocrx_word' id='word_1_238' title='bbox 745 3338 781 3399; x_wconf 94' lang='lat' dir='ltr'><strong>ad</strong></span> <span class='ocrx_word' id='word_1_239' title='bbox 796 3341 934 3399; x_wconf 88' lang='lat' dir='ltr'><strong>ulteriora</strong></span> <span class='ocrx_word' id='word_1_240' title='bbox 951 3340 1176 3420; x_wconf 90' lang='lat' dir='ltr'><strong>procedendum,</strong></span> <span class='ocrx_word' id='word_1_241' title='bbox 1193 3339 1242 3398; x_wconf 90' lang='lat' dir='ltr'><strong>do-</strong></span> 
     </span>
     <span class='ocr_line' id='line_1_34' title="bbox 212 3424 1242 3506; baseline -0.004 -20"><span class='ocrx_word' id='word_1_242' title='bbox 212 3448 268 3488; x_wconf 90' lang='lat' dir='ltr'><strong>nec</strong></span> <span class='ocrx_word' id='word_1_243' title='bbox 286 3429 466 3487; x_wconf 89' lang='lat' dir='ltr'><strong>sanctissimo</strong></span> <span class='ocrx_word' id='word_1_244' title='bbox 486 3424 601 3485; x_wconf 90' lang='lat' dir='ltr'><strong>domino</strong></span> <span class='ocrx_word' id='word_1_245' title='bbox 620 3435 720 3483; x_wconf 89' lang='lat' dir='ltr'><strong>nostro</strong></span> <span class='ocrx_word' id='word_1_246' title='bbox 743 3437 774 3483; x_wconf 91' lang='lat' dir='ltr'><strong>et</strong></span> <span class='ocrx_word' id='word_1_247' title='bbox 791 3445 875 3483; x_wconf 92' lang='lat' dir='ltr'><strong>sacro</strong></span> <span class='ocrx_word' id='word_1_248' title='bbox 895 3427 1020 3485; x_wconf 87' lang='lat' dir='ltr'><strong>concilio</strong></span> <span class='ocrx_word' id='word_1_249' title='bbox 1044 3427 1183 3506; x_wconf 84' lang='lat' dir='ltr'><strong>expedire</strong></span> <span class='ocrx_word' id='word_1_250' title='bbox 1201 3426 1242 3483; x_wconf 86' lang='lat' dir='ltr'><strong>vi·</strong></span> 
     </span>
     <span class='ocr_line' id='line_1_35' title="bbox 213 3510 1246 3583; baseline -0.003 -12"><span class='ocrx_word' id='word_1_251' title='bbox 213 3512 345 3583; x_wconf 91' lang='lat' dir='ltr'><strong>debitur,</strong></span> <span class='ocrx_word' id='word_1_252' title='bbox 372 3523 403 3571; x_wconf 91' lang='lat' dir='ltr'><strong>ut</strong></span> <span class='ocrx_word' id='word_1_253' title='bbox 430 3510 467 3570; x_wconf 87' lang='lat' dir='ltr'><strong>ad</strong></span> <span class='ocrx_word' id='word_1_254' title='bbox 493 3512 568 3570; x_wconf 90' lang='lat' dir='ltr'><strong>bunc</strong></span> <span class='ocrx_word' id='word_1_255' title='bbox 595 3528 646 3567; x_wconf 91' lang='lat' dir='ltr'><strong>seu</strong></span> <span class='ocrx_word' id='word_1_256' title='bbox 673 3510 757 3567; x_wconf 90' lang='lat' dir='ltr'><strong>alium</strong></span> <span class='ocrx_word' id='word_1_257' title='bbox 785 3510 897 3583; x_wconf 88' lang='lat' dir='ltr'><strong>locum,</strong></span> <span class='ocrx_word' id='word_1_258' title='bbox 926 3513 1134 3572; x_wconf 88' lang='lat' dir='ltr'><strong>communicato</strong></span> <span class='ocrx_word' id='word_1_259' title='bbox 1158 3515 1246 3571; x_wconf 86' lang='lat' dir='ltr'><strong>ctiam</strong></span> 
     </span>
     <span class='ocr_line' id='line_1_36' title="bbox 214 3591 1242 3676; baseline -0.005 -18"><span class='ocrx_word' id='word_1_260' title='bbox 214 3599 336 3658; x_wconf 91' lang='lat' dir='ltr'><strong>consilio</strong></span> <span class='ocrx_word' id='word_1_261' title='bbox 364 3591 427 3656; x_wconf 84' lang='lat' dir='ltr'><strong>cum</strong></span> <span class='ocrx_word' id='word_1_262' title='bbox 454 3595 640 3656; x_wconf 88' lang='lat' dir='ltr'><strong>invictissimo</strong></span> <span class='ocrx_word' id='word_1_263' title='bbox 669 3596 801 3666; x_wconf 89' lang='lat' dir='ltr'><strong>caesarc&#39;,</strong></span> <span class='ocrx_word' id='word_1_264' title='bbox 831 3595 1072 3657; x_wconf 85' lang='lat' dir='ltr'><strong>Christianissimo</strong></span> <span class='ocrx_word' id='word_1_265' title='bbox 1099 3618 1186 3676; x_wconf 90' lang='lat' dir='ltr'><strong>rege,</strong></span> <span class='ocrx_word' id='word_1_266' title='bbox 1214 3604 1242 3653; x_wconf 91' lang='lat' dir='ltr'><strong>et</strong></span> 
     </span>
     <span class='ocr_line' id='line_1_37' title="bbox 213 3673 1245 3763; baseline -0.005 -21"><span class='ocrx_word' id='word_1_267' title='bbox 213 3685 277 3742; x_wconf 90' lang='lat' dir='ltr'><strong>aliis</strong></span> <span class='ocrx_word' id='word_1_268' title='bbox 294 3683 411 3762; x_wconf 83' lang='lat' dir='ltr'><strong>regibus</strong></span> <span class='ocrx_word' id='word_1_269' title='bbox 428 3701 463 3740; x_wconf 90' lang='lat' dir='ltr'><strong>ac</strong></span> <span class='ocrx_word' id='word_1_270' title='bbox 481 3680 656 3760; x_wconf 90' lang='lat' dir='ltr'><strong>principibus</strong></span> <span class='ocrx_word' id='word_1_271' title='bbox 667 3679 845 3752; x_wconf 84' lang='lat' dir='ltr'><strong>Christianis,</strong></span> <span class='ocrx_word' id='word_1_272' title='bbox 864 3683 953 3763; x_wconf 90' lang='lat' dir='ltr'><strong>ipsum</strong></span> <span class='ocrx_word' id='word_1_273' title='bbox 973 3683 1124 3744; x_wconf 90' lang='lat' dir='ltr'><strong>concilium</strong></span> <span class='ocrx_word' id='word_1_274' title='bbox 1143 3673 1245 3744; x_wconf 79' lang='lat' dir='ltr'><strong>reduci</strong></span> 
     </span>
     <span class='ocr_line' id='line_1_38' title="bbox 212 3764 901 3848; baseline 0.003 -22"><span class='ocrx_word' id='word_1_275' title='bbox 212 3770 304 3848; x_wconf 91' lang='lat' dir='ltr'><strong>possit</strong></span> <span class='ocrx_word' id='word_1_276' title='bbox 322 3779 351 3827; x_wconf 90' lang='lat' dir='ltr'><strong>ct</strong></span> <span class='ocrx_word' id='word_1_277' title='bbox 370 3766 493 3826; x_wconf 77' lang='lat' dir='ltr'><strong>debeat?</strong></span> <span class='ocrx_word' id='word_1_278' title='bbox 521 3764 753 3845; x_wconf 86' lang='lat' dir='ltr'><strong>Responderunt:</strong></span> <span class='ocrx_word' id='word_1_279' title='bbox 790 3767 901 3828; x_wconf 84' lang='lat' dir='ltr'><strong>Placet.</strong></span> 
     </span>
    </p>
   </div>
   <div class='ocr_carea' id='block_1_8' title="bbox 624 3947 834 3956">
    <p class='ocr_par' dir='ltr' id='par_1_9' title="bbox 624 3947 834 3956">
     <span class='ocr_line' id='line_1_39' title="bbox 624 3947 834 3956; baseline 0 0"><span class='ocrx_word' id='word_1_280' title='bbox 624 3947 834 3956; x_wconf 56' lang='grc' dir='ltr'><strong>...ι-..α--ι--ω-</strong></span> 
     </span>
    </p>
   </div>
   <div class='ocr_carea' id='block_1_9' title="bbox 0 0 1333 4330">
    <p class='ocr_par' dir='ltr' id='par_1_10' title="bbox 0 0 1333 4330">
     <span class='ocr_line' id='line_1_40' title="bbox 0 0 1333 4330; baseline 0 0"><span class='ocrx_word' id='word_1_281' title='bbox 0 0 1333 4330; x_wconf 95' lang='lat' dir='ltr'><strong> </strong></span> 
     </span>
    </p>
   </div>
  </div>
 </body>
</html>
