2648 4336
225 243 305 301 ”fl
416 285 433 300 ,2
525 236 963 306 nenttrtsttmetsnom·

226 381 298 439 sioni
322 379 444 457 gallicae
461 377 605 438 Montensi
628 381 657 440 fn
680 379 773 440 multis
793 353 982 440 conformem:
1006 378 1153 455 evulgata
1171 397 1235 438 vcro

183 510 187 516 -
227 465 363 536 editione,
379 483 451 544 qnae
462 464 694 524 totsaeculorum
708 484 760 524 usu
774 465 802 522 in
817 465 943 523 ccclesia
957 464 1077 542 probata
1093 473 1144 534 est,
1160 474 1234 542 atque

184 3211 224 3253 lli
236 3227 241 3234 “

227 551 262 610 alr
273 548 442 610 orthodoxis
452 549 581 610 omnihus
591 568 643 627 pro
658 549 824 608 authentica
833 549 933 608 haberi
944 547 1040 619 dehet,
1052 549 1235 626 multipliciter
1291 579 1292 586 κ

222 635 438 714 discrepantem
456 644 485 692 et
498 633 688 703 aberrantem,
709 634 871 712 pluriesque
882 635 910 692 in
925 634 1044 705 alienos,
1066 635 1194 693 exoticos
1206 653 1234 692 ac
1291 683 1292 690 ,

166 723 169 728 “
229 740 315 800 saepe
333 721 435 778 noxios
454 737 553 778 sensns
572 738 628 776 non
647 720 707 777 sine
727 719 848 778 maxima
867 720 1054 796 perversitate
1075 717 1221 777 detortum.

314 804 442 864 Eundem
464 815 619 882 propterea
643 803 759 874 lihrnm,
782 813 882 882 utpote
904 822 958 883 per
979 801 1079 863 dulces
1102 821 1235 864 sermones
1291 829 1292 834 ¹

229 901 260 951 et
280 889 512 961 henedictiones,
540 900 572 947 nt
592 889 748 968 Apostolus
775 888 912 967 loquitur,
939 889 996 946 hoc
1013 899 1073 960 est,
1102 889 1152 948 suh
1177 889 1236 946 falsa
1291 929 1292 932 η

229 979 294 1055 piae
317 975 502 1034 institutionis
530 975 668 1052 imagine,
697 973 869 1034 seducendis
896 976 1091 1033 innocentium
1117 971 1236 1033 cordibus

230 1062 316 1138 longe
335 1057 594 1131 accommodatum,
618 1061 677 1118 sive
697 1061 872 1139 praemissis,
896 1061 956 1118 sive
975 1060 1032 1118 alio
1052 1061 1151 1138 quovis
1168 1059 1236 1116 titulo
1291 1053 1292 1056 ’

229 1147 409 1223 inscriptum,
428 1145 589 1222 uhieunque
608 1155 638 1203 et
656 1164 824 1224 quocunque
843 1146 900 1204 alio
919 1144 1066 1216 idiomate,
1086 1164 1136 1204 seu
1154 1144 1237 1222 quavis
1291 1191 1292 1196 ,

229 1229 368 1300 editione,
378 1240 427 1288 ant
436 1230 570 1289 versione
579 1231 718 1290 hactenus
728 1233 903 1309 impressum,
914 1241 963 1290 aut
971 1231 999 1288 in
1010 1239 1155 1309 posterum
1162 1225 1238 1307 (quod
1291 1241 1292 1260 ¹

229 1316 315 1387 absit)
335 1313 559 1393 imprimendum,
580 1318 753 1394 auctoritate
768 1316 926 1394 apostolica
944 1325 1045 1375 tenore
1061 1315 1237 1395 praesentium
1291 1327 1292 1354 ³

228 1401 330 1459 iterum
345 1400 527 1479 prohibemus
542 1420 577 1458 ac
591 1402 722 1460 similiter
735 1402 907 1471 damnamus,
923 1399 1156 1479 quemadmodum
1167 1401 1237 1458 etiam
1289 1421 1290 1424 ¹

228 1486 300 1544 alios
320 1505 417 1545 omnes
435 1495 466 1544 et
483 1487 610 1564 singulos
628 1488 656 1544 in
675 1487 736 1545 eius
755 1485 949 1546 defensionem
968 1499 1024 1546 tam
1044 1488 1153 1566 scripto
1171 1502 1237 1564 quau
1291 1519 1292 1560 ,

227 1573 304 1650 typis
319 1569 422 1641 editos,
442 1591 493 1632 seu
506 1573 604 1630 forsan
619 1570 710 1652 (qnod
725 1571 802 1630 Dens
816 1578 940 1647 avertat)
956 1569 1086 1632 edendos
1102 1573 1186 1631 lihros
1197 1588 1237 1628 seu
1291 1575 1292 1634 i

229 1656 355 1726 libellos,
384 1676 538 1736 corumque
558 1658 727 1729 lectionem,
752 1657 988 1737 descriptionem,
1013 1660 1199 1718 retentionem
1214 1663 1237 1713 el
1291 1663 1292 1700 3

228 1761 309 1799 usum
326 1741 456 1801 omnihus
479 1754 509 1802 et
526 1743 644 1821 singulis
664 1742 769 1802 Christi
793 1743 923 1803 fidelihus
946 1743 997 1802 suh
1020 1763 1117 1822 poena
1139 1755 1238 1803 excom·
1291 1813 1292 1818 η

229 1827 428 1886 muricationis
455 1846 508 1906 per
530 1830 772 1888 contrafacientes
795 1831 857 1908 ipso
880 1831 959 1890 facto
985 1827 1160 1890 incurrenda
1183 1843 1237 1905 pm·
1291 1839 1292 1878 l

229 1911 357 1970 hihemns
375 1914 485 1990 pariter
496 1924 533 1973 et
550 1913 755 1974 interdicimus.

314 1995 507 2076 praecipimus
530 1991 647 2078 insuper
671 2001 883 2061 venerahilihus
907 2001 1043 2060 fratribus
1071 1997 1235 2081 patriarchis,

230 2083 469 2161 archiepiscopis,
493 2094 524 2142 et
546 2087 689 2164 episcopis
712 2087 831 2164 aliisque
851 2087 979 2148 locorum
1002 2085 1168 2154 ordinariis,
1193 2098 1235 2150 nec

230 2186 286 2225 non
309 2167 476 2226 haereticae
499 2171 648 2247 pravitatis
671 2171 899 2249 inquisitoribus,
923 2182 955 2230 ut
973 2171 1198 2231 contradictores
1213 2175 1235 2223 ct

229 2252 354 2311 rebelles
371 2272 553 2333 quoscunque
567 2275 620 2334 per
638 2275 774 2317 censuras
791 2267 821 2315 ct
839 2275 947 2336 poenas
965 2258 1122 2336 praefatas,
1140 2254 1234 2330 aliaque

228 2339 299 2397 iuris
318 2348 348 2397 ct
366 2339 436 2397 facti
454 2339 598 2412 remedia,
622 2343 756 2401 invocato
775 2343 861 2401 etiem
880 2341 1004 2414 adhoc,
1023 2345 1048 2402 si
1068 2361 1138 2423 opus
1155 2337 1234 2405 luerit,

228 2423 342 2481 hrachii
359 2424 515 2483 saecularis
533 2426 656 2496 anxilio,
682 2428 794 2488 omnino
815 2439 971 2488 coerceant
989 2439 1018 2490 et
1037 2425 1209 2506 compellant.
1291 2489 1292 2504 χ

254 2544 256 2546 -
313 2505 452 2564 Volumus
478 2519 572 2568 antem
599 2512 657 2569 etc,
684 2509 761 2569 Nulli
789 2524 882 2572 autem
910 2515 1052 2573 hominnm
1082 2515 1167 2573 liceat
1190 2517 1234 2566 ete·

228 2591 314 2650 Anno
342 2589 551 2652 incarnationis
582 2593 742 2656 dominicae
777 2603 869 2662 1713.
903 2605 931 2664 6.
964 2597 1030 2660 ldus
1063 2593 1236 2678 Septembris,

229 2676 416 2735 Pontificatus
435 2681 526 2739 nostri
544 2699 618 2739 anno
637 2680 715 2740 Vlll.

515 3051 642 3110 Plus
665 3054 970 3114 lertseortts

363 3192 604 3268 SERVUS
634 3195 977 3273 ‘SERVORUM
1008 3199 1116 3273 DEI

295 3345 508 3394 UNlVEllSlS
531 3349 899 3400 ctttttsrttttttttttetts
923 3353 1106 3400 SALUTEM
1127 3351 1172 3398 ΕΤ

418 3413 697 3464 Arosrottcttnt
716 3419 1056 3469 BENEDlC'l'lONEM.

312 3563 469 3644 Auctorem
497 3567 565 3628 fidei
592 3581 622 3629 et
648 3584 903 3634 consummatorem
932 3573 1022 3633 lesum
1055 3571 1230 3651 adspicientes
1291 3547 1292 3602 l

159 3706 162 3714 ,
228 3669 280 3708 nos
298 3650 378 3709 iubet
394 3653 585 3733 Apostolus¹)
604 3653 704 3716 sedulo
724 3661 902 3738 recogitare,
927 3661 1036 3739 qualem
1062 3661 1233 3739 quantamque
1291 3683 1292 3712 t

227 3807 395 3820 m...

227 3891 230 3898 ’
277 3881 528 3945 connectunt.
