2654 4330
200 236 276 294 m
370 231 536 288 SESSIO
562 229 666 284 xtttv.
706 227 768 284 DE
793 223 1063 286 REFORMAT.

200 374 290 434 etiam
307 370 344 431 ad
362 382 471 432 cerm·
489 387 633 442 summum,
652 378 683 429 et
700 370 763 429 aliis
781 368 989 450 inpedimentis
1003 371 1234 453 quibuscunque.

201 455 237 519 Si
259 467 354 518 tumen
375 456 451 518 adeo
478 458 574 536 exigui
595 453 705 516 reditus
728 453 823 516 dictae
846 455 1028 535 parochiales
1049 457 1170 530 inerim,
1197 471 1230 518 ut

203 544 291 606 totius
312 541 394 604 buius
415 543 635 602 examinationis
657 558 774 622 operam
796 559 854 600 nen
875 541 984 613 ierant,
1011 551 1063 601 aut
1077 559 1163 603 neme
1179 547 1228 616 sit,

202 629 300 709 quise
318 629 441 688 examini
460 637 580 708 quamam
597 626 750 698 subiicere,
769 624 819 684 aet
837 625 873 684 ob
891 626 1159 705 aperustucttones
1176 649 1228 690 sen

204 713 335 787 dissidia,
354 733 426 794 quae
445 714 474 771 iu
492 712 632 792 aliquibus
655 712 728 771 locis
751 713 946 790 reperiuntur,
968 711 1055 772 focile
1078 715 1230 792 graviores

201 802 284 860 rixae
303 819 337 858 ac
357 799 489 864 tumultus
507 799 618 877 possint
634 799 770 857 excitarit
798 798 907 876 poterit
928 793 1104 870 ordinamm,
1133 801 1158 858 si
1175 819 1229 881 pro

202 905 256 944 eua
277 883 456 945 conscientia
479 900 542 942 cum
564 880 764 961 deputatorum
782 881 904 942 consilio
926 882 968 942 ito
990 882 1129 962 expedire
1152 886 1230 944 arbi·

86 1037 93 1051 ι
202 970 340 1041 trabitur,
373 968 427 1027 hac
450 969 542 1026 forma
563 967 670 1026 omissa
691 969 830 1046 privatum
853 965 930 1027 aliud
953 979 1086 1041 examen,
1123 971 1231 1030 ceteris

122 1039 129 1054 ’
201 1065 298 1114 tamen
324 1063 357 1112 ut
380 1072 465 1132 supra
492 1053 627 1124 servetis,
662 1050 811 1113 adhibere.
863 1051 978 1112 Licebit
1004 1054 1089 1113 etiam
1117 1054 1231 1134 synodo

69 1150 72 1154 ’
202 1138 388 1219 provinciali,
415 1139 439 1196 si
458 1157 512 1216 qua
529 1138 560 1196 iu
577 1136 749 1216 supradietis
767 1137 846 1196 cirea
865 1137 1083 1198 examinationis
1108 1140 1231 1200 formam

202 1219 337 1283 addenda
355 1221 561 1285 remittendave
580 1241 644 1282 esse
663 1225 817 1295 censuerit,
836 1221 1000 1302 providere.

221 1363 248 1408 c.
267 1361 338 1411 xlx.
372 1358 502 1408 Mandata
520 1360 551 1406 de
563 1359 737 1476 prootdqtdo,
756 1363 953 1422 exspectatione
970 1361 1071 1409 etalio
1088 1361 1119 1408 td
1131 1377 1215 1424 genus

622 1434 670 1475 ont
680 1434 804 1490 quantu.

1312 837 1313 876 t

289 1511 429 1572 Decernit
450 1523 549 1572 saneta
576 1511 716 1590 synodus,
748 1510 881 1571 mandata
908 1510 943 1572 de
970 1512 1167 1592 providendo,
1201 1527 1231 1576 et

155 1612 193 1661 '251
204 1598 321 1676 gratius,
333 1617 405 1676 quae
416 1595 895 1676 exspectativae,dicunturnemini
913 1599 1043 1676 amplius,
1062 1601 1149 1658 ctiam
1170 1603 1230 1660 col-

203 1683 301 1760 legiis,
333 1681 579 1754 universitatibus,
607 1681 788 1743 senatoribus
812 1693 842 1742 ct
861 1683 927 1742 aliis
949 1684 1140 1761 singularibus
1163 1705 1231 1764 per·

109 1757 114 1766 ’
203 1769 295 1838 sonis,
324 1769 410 1828 etiam
428 1766 479 1826 sub
498 1768 612 1827 nomine
630 1766 746 1839 indulti,
765 1766 868 1826 autad
888 1778 996 1828 certam
1015 1788 1166 1842 summam,
1183 1771 1231 1832 vel

167 1861 172 1888 ¹
204 1852 260 1911 alio
285 1855 384 1933 quovis
408 1853 507 1912 colore
532 1851 668 1926 concedi,
691 1873 746 1913 neo
769 1852 908 1912 hactenus
927 1855 1074 1914 concessis
1097 1856 1229 1936 cuiquam

202 1939 244 1996 uti
263 1938 401 2014 licere¹).
448 1936 507 1997 Sed
521 1955 575 1998 nec
585 1939 797 1998 reservatioues
807 1939 956 2010 mentales,
975 1958 1029 1998 nee
1048 1939 1122 2000 aliae
1143 1959 1230 2020 quae·

204 2030 315 2106 cunque
338 2026 449 2104 gratiae
472 2022 508 2082 ad
529 2034 681 2096 vacatura,
705 2043 760 2085 nec
778 2021 887 2083 indulta
904 2021 941 2082 ad
960 2025 1068 2084 alienas
1087 2027 1230 2086 ecelesias
1312 2085 1313 2124 q

202 2111 249 2169 vel
276 2111 449 2169 monasteria
471 2109 571 2181 alicui,
599 2111 684 2168 ctiam
712 2127 750 2168 ex
771 2119 888 2169 sanctae
911 2108 1056 2169 Romanae
1085 2113 1230 2173 eeclesiae
1312 2129 1313 2182 t

204 2191 405 2266 cardinalibus,
426 2190 632 2267 concedentur,
652 2204 682 2253 et
699 2193 838 2254 hactenus
856 2213 995 2256 concessa
1005 2195 1146 2274 abrogata
1165 2217 1231 2258 csse

204 2289 385 2339 censeantur.
983 2338 984 2342 ,

204 2417 230 2462 0.
248 2415 309 2464 XX.
336 2414 416 2464 liutto
433 2418 569 2465 nectendi
579 2430 675 2465 cantos
693 2417 833 2533 “aestum
849 2417 1053 2465 ecclesiasticum
1066 2421 1234 2479 permiserim

612 2488 737 2544 praeter·
756 2489 813 2536 'tum

289 2565 400 2626 Causae
438 2587 537 2628 omnes
572 2566 609 2628 ad
634 2569 727 2629 forum
756 2570 984 2632 ecclesiasticum
1011 2570 1230 2650 quomodolibet

201 2652 393 2732 pertinentes,
417 2653 503 2712 etiam
525 2655 550 2712 si
572 2653 757 2716 beneficiales
774 2657 844 2727 siut,
867 2657 896 2715 iu
914 2657 1005 2736 prima
1022 2657 1160 2716 instantia
1178 2679 1231 2718 co·

202 2755 263 2799 rem
283 2735 435 2797 ordinariis
454 2738 582 2800 locorum
602 2739 739 2802 dunum
758 2751 984 2820 cognoscentur,
1007 2751 1093 2821 atque
1113 2745 1229 2803 omnino

202 2824 302 2884 saltem
319 2823 396 2883 inira
413 2824 557 2884 biennium
576 2845 594 2884 a
612 2825 658 2887 die
677 2838 772 2888 motae
791 2827 849 2886 litis
867 2827 1069 2900 terminentur;
1099 2829 1230 2908 alioquin

200 2918 268 2988 post
284 2907 313 2967 id
332 2911 452 2988 spatium
471 2910 591 2971 liberum
609 2913 647 2970 sit
663 2913 792 2994 partibus
809 2913 855 2974 vel
873 2913 957 2973 elteri
975 2913 1097 2985 illarum,
1115 2912 1231 2974 iudices

202 2996 379 3074 superiores,
399 2996 469 3056 alias
487 3007 582 3057 tamen
602 3008 812 3076 competentes,
833 2996 924 3070 adire,
942 2999 991 3078 qui
1010 3017 1124 3058 causant
1143 3001 1172 3058 in
1191 3020 1228 3060 eo

201 3090 286 3154 statu,
306 3100 361 3158 quo
380 3082 477 3154 merit,
495 3094 638 3143 assumant
659 3094 690 3144 et
707 3103 789 3163 quam
807 3084 926 3162 primum
944 3084 1091 3146 terminari
1110 3095 1227 3158 eureat3

202 3167 425 3226 necanteealiis
444 3170 665 3242 committantur,
685 3189 739 3232 nee
758 3179 924 3242 avocentur,
944 3189 1037 3249 neque
1055 3170 1229 3250 appellatio·

202 3269 253 3312 nes
276 3251 311 3312 ab
334 3251 442 3314 eisdem
469 3254 655 3335 interpositae
677 3274 731 3335 per
751 3256 916 3334 superiores
944 3274 1126 3335 quoscunque
1150 3257 1228 3316 reci-

201 3338 324 3420 piantur,
345 3359 479 3402 eorumve
495 3340 657 3400 commissio
675 3352 724 3404 aut
741 3340 873 3400 inhibitio
893 3341 951 3412 ilat,
970 3340 1025 3420 uisi
1042 3360 1061 3399 a
1077 3339 1227 3401 definitiva

201 3426 248 3484 vel
266 3446 284 3484 a
303 3425 464 3488 definitivae
487 3428 542 3486 tim
566 3426 704 3500 habento,
727 3437 758 3488 et
776 3427 856 3486 cuius
874 3444 1028 3505 gravamen
1049 3445 1104 3505 per
1125 3428 1230 3506 appel-

203 3510 337 3570 lationem
360 3531 378 3572 a
401 3511 546 3574 definitiva
568 3516 698 3592 reparari
719 3522 853 3592 nequeat.
908 3510 954 3572 Ab
977 3512 1022 3572 his
1043 3511 1231 3591 excipiantur

149 3588 191 3688 ψ’
205 3615 322 3667 causae,
350 3615 422 3676 quse
445 3601 523 3658 iuxta
546 3600 701 3660 eanonicus
712 3599 881 3682 ¹sanctiones
899 3596 974 3678 apud
992 3595 1226 3677 sedemqnposto-

205 3759 415 3772 ,ια-.-

213 3870 217 3876 ·
255 3845 331 3890 Seu.
347 3845 437 3910 xxiv.
465 3851 486 3899 t)
500 3847 531 3890 ci.
542 3849 606 3892 Seu.
615 3848 696 3912 μγ.
706 3849 734 3893 tle
744 3846 788 3891 rei.
799 3862 819 3891 e.
829 3850 928 3892 t.-tot.
937 3848 978 3894 tit.
986 3847 1018 3894 X.
1029 3847 1059 3897 de
1067 3859 1132 3894 eune.
1143 3847 1226 3905 praet.

205 3911 250 3942 non
259 3908 301 3940 une
318 3897 364 3940 ΙΙΙ.
375 3901 395 3940 8.
405 3911 429 3940 tn
438 3895 497 3941 vtto
508 3897 563 3945 (tlt.
573 3903 603 3949 8.)
614 3913 638 3942 ru
648 3899 720 3943 (ilem.
731 3898 786 3947 (ΠΙ.
795 3902 826 3954 ll.)
