2654 4330
187 227 268 287 ιω
313 207 317 226 ’
363 221 658 282 susstoxxnt.
693 221 1052 316 putrescemus.
1156 180 1158 188 '

187 367 317 444 vestigiis
339 366 414 426 sexti
436 365 554 427 canonis
577 363 693 425 concilii
716 361 961 424 Chalcedonensis
984 361 1163 422 inhaerendo
1175 365 1215 439 t),

187 459 300 523 statuit,
323 462 355 512 ut
372 451 465 512 nullus
483 453 517 514 in·
529 460 675 531 posterum
694 447 856 521 ordinetur,
876 449 923 528 qui
941 447 983 508 illi
1001 449 1148 508 eeclesiae
1166 459 1216 512 aut

188 539 237 618 pio
261 536 342 609 looo',
365 557 418 616 pro
442 538 523 597 cuius
545 537 719 598 necessitate
746 545 796 594 aut
817 535 941 596 utilitate
968 535 1135 606 assumitur,
1159 554 1218 594 non

187 621 380 695 adscribatur,
399 622 447 682 ubi
464 623 524 682 suis
541 623 676 701 iungatur
693 620 865 692 muneribus,
885 638 939 680 nec
957 620 1077 680 incertis
1094 629 1217 698 uagetur

187 707 304 770 sedibus
312 711 353 782 ²)
408 706 490 782 Quod
516 707 541 767 si
568 708 661 766 locum
689 707 851 766 inconsulto
870 707 1016 784 episcopo
1042 703 1217 776 deseruerit,

189 797 384 855 eisacrorum
401 794 573 854 exercitium
590 790 791 852 interdicatur.
835 789 939 854 Nullus
957 793 1112 870 praeterea
1130 791 1220 851 cleri·

176 899 241 944 .cus
258 879 427 960 peregrinus
445 879 507 939 sino
527 875 768 938 commendatitiis
783 877 826 936 sni
844 875 983 937 ordinarii
1001 875 1093 938 litoris
1111 875 1149 936 ab
1160 876 1219 937 ullo

190 966 327 1044 episcopo
351 962 388 1023 nd
416 963 512 1044 diviua
538 961 712 1024 celebranda
735 973 778 1022 et
790 972 971 1023 sacramenta
992 959 1221 1022 administranda

186 1049 419 1122 admittaturt)

238 1187 266 1233 0.
284 1187 362 1234 xvh.
399 1179 459 1246 Qua
475 1187 580 1234 rationo
596 1188 727 1234 exercitia
744 1189 870 1234 minorum
888 1185 1003 1232 ordinum
1022 1185 1172 1248 repetenda.

277 1269 314 1330 Ut
331 1281 494 1331 sanctorum
514 1270 643 1331 ordinum
662 1271 842 1332 adiaconatu
856 1269 1222 1330 adostiarintnmiunctio·

190 1367 256 1426 nes,
275 1356 311 1415 ab
333 1355 538 1435 Apostolorum
561 1357 736 1436 temporibus
758 1358 788 1415 in
804 1355 937 1416 'ecclesia
964 1354 1149 1415 laudabiliter
1172 1374 1222 1416 re·

190 1441 309 1520 ceptae,
332 1451 363 1500 et
384 1441 512 1520 pluribus
535 1443 563 1500 in
587 1443 659 1502 locis
681 1440 854 1522 aliquamdiu
875 1443 1070 1513 intermissae,
1088 1441 1119 1500 in
1138 1459 1221 1500 usum

190 1529 272 1586 iuxta
286 1547 387 1586 sacros
406 1545 532 1586 canones
549 1530 771 1602 revocentur⁴),
787 1529 845 1588 'nec
864 1527 899 1586 ab
919 1526 1075 1587 haereticis
1083 1535 1222 1605 tanquam

152 1643 154 1650 v
184 1614 304 1672 otiosae
323 1611 523 1684 traducantur,
547 1613 622 1672 illius
640 1615 753 1692 pristini
776 1615 863 1672 moris
882 1611 1051 1672 restituendi
1070 1609 1222 1672 desiderio

190 1699 316 1776 flagrans
327 1695 576 1778 ¹sanctasynodus
595 1697 740 1770 decernit,
759 1709 791 1758 nt
807 1699 836 1757 in
854 1708 999 1778 posterum
1017 1695 1220 1757 huiuscemodi

191 1784 351 1843 ministeria
370 1795 429 1843 non
452 1785 506 1842 nisi
533 1803 587 1864 per
608 1787 780 1845 constitutos
802 1785 831 1842 in
853 1782 938 1843 dictis
961 1781 1222 1857 ordinibusexer·

192 1880 321 1940 ceantur,
340 1889 495 1949 omnesque
514 1880 546 1929 et
561 1871 689 1948 singulos
697 1870 841 1948 praelatos
853 1869 1040 1928 ecclesiarum
1054 1869 1084 1927 in
1093 1867 1221 1927 Domino

190 1955 332 2026 hortatur,
352 1966 382 2015 et
400 1956 456 2014 illis
474 1956 625 2034 praecipit,
644 1964 676 2015 ut
694 1965 827 2034 quantum
846 1954 910 2013 heri
928 1951 1078 2013 commode
1096 1953 1219 2033 poterit,
1316 1949 1318 1974 ³

191 2041 220 2099 in
242 2041 381 2101 'ecclesiis
408 2039 635 2116 cathedralibus,
664 2041 826 2119 collegiatis
852 2049 883 2098 at
908 2039 1124 2118 parochialibus.
1147 2058 1220 2100 suae

192 2124 349 2196 dioecesis,
372 2127 397 2184 si
415 2127 535 2205 populus
553 2127 688 2205 frequens
706 2137 737 2185 et
755 2125 899 2186 ecclesiae
917 2135 1072 2204 proventus
1089 2123 1120 2183 id
1137 2125 1219 2185 ferre

139 2231 178 2274 rot
192 2222 306 2290 queant,
324 2209 668 2270 huiusmodiiunctiones
687 2217 789 2272 curent
806 2208 1007 2282 restituendas,
1027 2222 1057 2270 et
1075 2210 1218 2290 exaliqua

190 2307 273 2376 parte
292 2293 434 2356 redituum
452 2296 610 2376 aliquorum
628 2298 797 2377 simplicium
814 2295 1022 2356 beneficiorum
1030 2296 1078 2356 vel
1087 2296 1219 2356 fabricae

191 2383 351 2453 ecclesiae,
370 2384 395 2440 si
412 2392 568 2462 proventus
590 2394 756 2463 suppetant,
779 2393 829 2442 aut
848 2383 996 2461 utriusque
1015 2381 1151 2453 illorum,
1167 2401 1222 2442 eas

191 2467 355 2528 functiones
378 2467 582 2527 exercentibus
600 2466 744 2546 stipendia
762 2470 924 2547 assignent3
947 2467 1062 2546 quibus,
1081 2469 1106 2526 si
1123 2469 1223 2546 negli·
1316 2487 1319 2533 ι

190 2562 294 2630 gentes
312 2553 432 2624 luerint,
457 2549 595 2614 ordinarii
617 2552 726 2613 iudicio
745 2564 794 2612 aut
812 2573 849 2613 ex
870 2563 952 2632 parte
971 2553 1103 2612 mulctari
1121 2563 1172 2612 ant
1191 2555 1222 2614 in

191 2648 281 2698 toturn
300 2637 407 2716 privari
429 2638 547 2716 possint.
595 2636 676 2712 Quod
699 2640 723 2698 si
746 2637 909 2701 ministeriis
933 2648 1055 2718 quatuor
1077 2639 1220 2698 minorum

191 2721 323 2781 ordinum
342 2720 513 2782 exercendis
536 2723 637 2782 clerici
655 2724 782 2784 caelibes
800 2734 916 2805 praesto
935 2733 1107 2796 nonerunt,
1127 2723 1221 2785 suffici

189 2809 301 2888 possint
311 2809 395 2868 etiam
407 2809 554 2886 coniugati
571 2810 647 2868 vitae
657 2809 806 2889 probatae,
827 2807 977 2869 dummodo
992 2829 1049 2868 non
1060 2809 1191 2887 bigami⁵
1196 2816 1219 2883 ),

189 2892 228 2953 ad
239 2913 274 2954 ea
288 2894 382 2955 munia
401 2893 533 2956 obeunda
550 2892 657 2967 idonei,
678 2897 772 2977 etqui
790 2906 935 2954 tonsuram
954 2905 984 2956 et
993 2894 1120 2954 habitum
1131 2895 1221 2955 cleri·

190 2981 310 3042 c'alem
302 3001 331 3042 m
349 2970 475 3040 ecclesia
493 2991 619 3060 gestent

189 3117 462 3169 c.xv1tt.Foma
476 3119 592 3181 conpendi
603 3121 769 3168 sommarium
779 3120 940 3180 clericorum,
948 3120 1106 3180 praesertim
1116 3120 1220 3168 teneto·

190 3198 267 3244 ram
286 3187 312 3234 in
329 3188 403 3235 cuius
418 3191 548 3236 erectione
559 3188 678 3249 pluruma
700 3187 880 3248 observanda3
898 3187 929 3236 de
946 3187 1098 3235 educatione
1111 3200 1221 3250 promo-

329 3254 466 3303 vendorum
485 3257 512 3303 tn
530 3253 746 3305 cathedrnhhar
744 3263 779 3304 ct
795 3255 936 3304 meroribus
953 3247 1077 3303 ecclesius.

278 3338 367 3413 Quum
386 3337 611 3401 adolescentium
630 3342 759 3419 aetasss),
778 3362 831 3402 ursi
840 3352 922 3402 recte
932 3341 1105 3412 instituatur,
1124 3359 1218 3420 prona
1305 3369 1310 3378 ·

191 3425 229 3483 sit
246 3423 397 3485 ad'mnndi
414 3428 577 3507 voluptates
595 3426 766 3506 sequendas,
785 3439 824 3500 ct,
844 3429 897 3518 nisi
916 3447 933 3486 a
951 3426 1060 3486 teneris
1076 3427 1161 3486 aunis
1178 3423 1217 3485 ad

191 3567 405 3585 *upa—uu-

244 3639 323 3685 ὅση.
337 3639 434 3684 xxtlt.
462 3645 482 3694 t)
497 3639 528 3687 ci.
539 3656 559 3688 c.
571 3645 589 3686 l
599 3643 630 3687 D.
640 3639 718 3688 Lxx.
733 3647 758 3686 et
770 3642 826 3688 nnis
840 3643 903 3686 luter
916 3645 989 3685 const.
1004 3653 1035 3686 ox
1046 3641 1164 3686 cntinuo
1177 3639 1219 3686 ds·

192 3699 277 3787 ''¹”l't
288 3692 635 3788 tff'itf’ttlfftltttttt.
635 3698 710 3796 ni.
716 3694 785 3790 isti.
795 3693 980 3790 ll‘tl'ilddi.
977 3691 1221 3798 ὃ”2ΐὶ·ι”’-Ῑ“”ἔ“ξ2“.

191 3745 317 3839 dds-bsh).
326 3793 423 3838 xxitt.
434 3749 508 3848 (cobc.
519 3795 598 3839 Curth.
608 3796 650 3841 lv
660 3797 781 3841 rivesstat.
772 3749 864 3840 (cccl
861 3800 1027 3853 ant.)-supr.
1037 3809 1058 3839 e.
1069 3799 1137 3840 ll.-
1155 3798 1177 3848 ⁵)
1187 3793 1219 3838 ci.

192 3845 333 3952 ddbnbith'bl
341 3845 426 3950 Μία.
420 3848 541 3890 nonord.
551 3847 571 3890 1.
580 3851 649 3892 ²1.-
674 3851 696 3901 h)
712 3847 771 3892 Gen.
781 3847 850 3892 vili.
859 3850 929 3892 rt-
938 3846 970 3892 cf.
980 3861 1001 3892 r
1011 3851 1030 3891 i.
1041 3799 1220 3904 0311.qu
