2654 4334
322 223 413 280 tttte.
431 225 577 280 DECEM
596 225 651 280 nu
670 225 747 280 LIB.
766 227 935 284 rnoutn.
1054 233 1133 294 Μ
1182 239 1186 244 ’

100 368 336 447 praesumpserit,
355 367 409 426 nisi
427 368 506 446 prius
522 366 620 427 bibliis
638 365 785 429 ordinario
804 367 924 431 redditis
942 383 1128 452 peccatorum

98 453 312 514 absolutionem
338 453 489 532 percipere
517 473 574 512 uon
601 454 700 533 possit.
762 453 942 535 bibliopolae
968 477 1053 530 vero,
1082 461 1130 541 qui

98 537 279 618 praedictam
298 539 462 597 facultatem
482 559 538 597 uon
552 539 669 598 habenti
682 539 771 598 biblia
784 538 919 601 idiomate
933 543 1044 621 vulgari
1059 565 1130 604 con-

97 626 210 703 scripta
226 621 408 683 vendiderint
420 624 467 683 vel
481 625 538 682 alio
552 625 651 703 quovis
665 623 751 683 modo
766 627 971 698 concesserint,
991 628 1128 689 librorum

97 711 224 788 pretinm
238 711 267 769 in
282 729 348 769 usus
362 709 424 790 pios
438 709 474 768 ab
488 711 626 789 episcopo
646 709 868 770 convertendum
887 714 1026 785 amittant,
1050 714 1129 774 aliis·

95 815 153 874 que
174 796 277 874 poenis
294 815 347 874 pro
366 793 465 854 delicti
484 793 620 873 qualitate
639 793 765 855 eiusdem
784 798 912 877 episcopi
924 797 1047 858 arbitrio
1061 800 1128 859 sub-

97 883 226 940 iaceant.
279 879 438 958 Regulares
460 900 530 939 vero
554 901 610 940 non
634 881 688 940 nisi
711 881 847 942 facultate
871 903 887 941 a
911 884 1047 962 praelatis
1070 887 1127 944 suis

97 966 200 1026 habita
219 985 255 1026 ea
272 966 372 1044 legere
391 976 440 1026 aut
458 985 553 1026 emere
571 967 689 1046 possint.
762 995 763 1000 ¹

505 1107 661 1152 REGULA
696 1104 726 1150 Ἄ

186 1188 267 1248 Libri
294 1189 348 1258 illi,
376 1189 425 1265 qni
452 1187 662 1246 haereticorum
690 1198 838 1248 auctorum
867 1209 957 1268 opera
984 1191 1126 1252 interdum

96 1271 252 1355 prodeunt,
271 1274 299 1331 iu
319 1273 419 1352 quibus
437 1273 512 1332 nulla
531 1281 580 1331 ant
593 1283 684 1350 pauca
699 1271 734 1333 de
749 1293 800 1332 suo
815 1285 970 1358 apponunt,
989 1276 1041 1335 sed
1054 1278 1127 1336 alio-

96 1381 160 1418 rum
188 1358 265 1419 dicta
294 1359 445 1436 colligunt,
474 1356 632 1417 cuiusmodi
658 1367 723 1417 sunt
749 1359 857 1430 lexica,
890 1360 1125 1436 concordantiae,

98 1445 355 1524 apophthegmata,
384 1443 595 1514 similitudines,
623 1442 734 1503 indices
757 1455 786 1503 et
809 1445 982 1517 huiusmodi,
1006 1448 1029 1506 si
1053 1467 1126 1528 quac

97 1531 226 1590 habeant
247 1529 386 1600 admixta,
410 1547 482 1608 quae
506 1530 714 1607 expurgatione
738 1528 898 1606 indigeant,
922 1531 978 1589 illis
997 1534 1125 1611 episcopi

98 1627 129 1675 et
138 1617 315 1696 inquisitoris
330 1635 385 1673 una
399 1635 461 1673 cum
475 1614 676 1692 theologorum
695 1614 904 1674 catholicorum
923 1617 1044 1676 consilio
1059 1618 1126 1676 sub·

97 1703 166 1762 latis
184 1713 234 1761 aut
252 1700 418 1771 emendatis,
437 1701 646 1777 permittantur.

498 1841 653 1887 REGULA
688 1838 731 1884 vt

182 1923 263 1983 Libri
286 1926 396 2003 vulgari
419 1922 555 1982 idiomate
579 1920 615 1979 de
639 1923 843 1981 controuersiis
866 1920 942 1981 inter
965 1923 1124 1988 catholicos
1137 1953 1175 1994 sn

96 2021 126 2068 et
144 2010 309 2070 haereticos
332 2011 422 2070 nostri
444 2008 581 2087 temporis
604 2005 779 2066 disserentes
801 2027 858 2065 non
881 2009 985 2085 passim
1008 2011 1125 2088 permit-

93 2105 207 2167 tautur3
227 2095 367 2156 sedidem
382 2094 418 2154 de
433 2096 468 2154 iis
482 2103 622 2164 servetur,
643 2090 718 2172 quod
736 2091 772 2150 de
790 2092 886 2152 bibliis
904 2093 1014 2171 vulgari
1029 2095 1125 2173 lingna

94 2183 211 2259 scriptis
229 2190 363 2240 statutum
382 2191 435 2240 est.
472 2180 526 2252 Qui
544 2199 614 2239 vero
633 2177 669 2238 de
687 2178 800 2238 ratione
818 2175 892 2237 bene
910 2179 1034 2251 vivendi,
1055 2200 1125 2240 con·
1213 2235 1219 2242 .

92 2265 260 2344 templandi,
285 2264 441 2326 confitendi
460 2285 495 2326 ac
513 2263 651 2324 similibus
669 2264 845 2342 argumentis
862 2263 973 2342 uulgari
991 2285 1124 2326 sermone

92 2353 254 2431 conscripti
277 2363 354 2424 sunt,
378 2353 403 2411 si
426 2370 522 2410 sanam
545 2349 706 2410 doctrinam
730 2350 910 2421 contineant,
935 2370 992 2408 uon
1010 2361 1055 2410 est
1073 2371 1125 2410 cnr

92 2438 315 2516 prohibeantur,
347 2439 422 2497 sicut
453 2455 506 2496 nec
534 2453 681 2496 sermones
708 2435 861 2514 populares
888 2435 999 2513 vulgari
1026 2436 1124 2514 lingua

95 2523 195 2581 hahiti.
233 2523 315 2596 Quod
333 2524 358 2582 si
376 2523 514 2582 hactonus
532 2524 561 2580 in
580 2522 675 2601 aliquo
694 2541 785 2599 regno
804 2521 849 2580 vel
868 2523 1018 2599 provincia
1035 2522 1124 2602 aliqui

94 2608 162 2668 libri
180 2620 246 2668 sunt
263 2609 413 2688 prohibiti,
437 2607 513 2686 qnod
531 2607 666 2666 nonnulla
684 2609 876 2679 continerent,
901 2627 974 2686 quae
992 2609 1053 2668 sine
1072 2606 1124 2668 de-

95 2694 174 2753 lectu
192 2695 228 2753 ab
248 2694 376 2753 omnihus
394 2695 452 2771 legi
472 2697 527 2752 uon
547 2691 691 2771 expediat,
710 2694 735 2751 si
754 2711 852 2751 eorum
871 2703 1005 2753 auctores
1024 2693 1125 2753 catho-

96 2780 146 2838 lici
164 2791 238 2852 sunt,
257 2791 406 2860 postquam
425 2777 568 2838 emendati
586 2779 715 2848 luerunt,
738 2778 864 2856 permitti
883 2778 918 2836 ab
938 2779 1075 2858 episcopo
1094 2789 1125 2838 et

91 2867 262 2944 inquisitore
281 2876 426 2945 poterunt.

486 2987 642 3034 REGULA
677 2984 730 3031 Vst

176 3070 268 3142 Libri,
288 3075 334 3150 qui
353 3091 400 3130 res
419 3072 540 3131 lascivas
554 3088 605 3127 scu
621 3067 782 3127 obscoenas
793 3086 829 3125 ex
839 3067 970 3145 professo
985 3076 1121 3139 tractant,

92 3168 211 3216 narrant
229 3168 278 3216 aut
296 3156 412 3230 docent,
433 3175 515 3235 quum
535 3174 591 3213 non
611 3154 702 3213 solum
722 3152 799 3224 utet,
819 3152 869 3212 scd
889 3163 919 3212 et
937 3172 1055 3225 morum,
1075 3153 1123 3232 qui

90 3242 252 3302 huiusmodi
272 3243 406 3303 librorum
427 3242 553 3301 lectione
572 3241 659 3299 facile
679 3241 822 3318 corrumpi
846 3239 953 3308 solent,
978 3239 1053 3297 ratio
1071 3238 1123 3297 ha-

89 3326 184 3388 benda
203 3329 249 3400 sit,
269 3330 383 3388 omuino
402 3327 600 3408 prohibentur,
621 3335 651 3384 et
669 3326 715 3404 qui
734 3344 785 3384 eos
803 3323 955 3384 habuerint
969 3342 1071 3383 severe
1085 3323 1121 3382 ab

89 3415 234 3493 episcopis
248 3416 410 3493 puniantur.
437 3411 556 3489 Antiqui
570 3429 640 3468 vero
651 3411 686 3468 ab
698 3410 820 3470 ethnicis
831 3409 987 3487 conscripti
1002 3418 1123 3486 propter

89 3500 230 3559 sermonis
249 3500 421 3578 elegantiam
436 3509 466 3556 et
479 3497 685 3576 proprietatem
701 3497 916 3573 permittuntur:
936 3494 1012 3553 nulla
1027 3503 1121 3553 tamen
1205 3513 1216 3524 ·

81 3587 202 3644 ratione
220 3587 317 3664 pueris
335 3581 521 3666 praelegeudi
541 3587 633 3639 erunt.

473 3704 628 3752 REGULA
664 3701 729 3748 Vssh

175 3789 266 3862 Libri,
288 3781 406 3871 quorum
425 3787 583 3868 principale
602 3796 797 3864 argumentum
812 3784 917 3845 bonum
937 3797 989 3857 cst,
1008 3787 1037 3844 in
1056 3787 1118 3865 qui·

90 3875 139 3935 bus
163 3887 258 3936 tamen
285 3876 380 3936 obiter
402 3877 496 3955 aliqua
517 3875 626 3958 inserta
649 3882 727 3942 suut,
751 3891 824 3952 qnae
847 3870 884 3930 ad
907 3871 1047 3931 haeresim
1066 3890 1118 3929 seu
