2654 4334
185 297 274 356 sou
385 291 655 351 ssssnoxxv.
690 289 1015 348 couniusnss
1058 267 1065 316 f

186 435 224 497 de
253 435 428 496 catechismo
450 455 467 494 a
490 433 675 508 Patribns¹)‚
708 433 808 513 quibus
830 431 900 493 illud
924 431 1085 493 mandatum
1109 433 1215 506 luerat,

186 520 273 584 etde
290 522 396 582 missali
415 532 445 582 et
462 520 605 580 breviario
625 520 687 581 lieri
706 517 829 580 mandat.

564 639 607 688 De
623 641 678 687 Ioco
696 647 839 687 cratonum.

274 725 412 788 Declarat
433 736 533 784 sancta
551 723 686 806 synodus,
705 743 743 783 ex
761 723 827 784 loco
845 725 990 803 assignato
1001 726 1167 786 oratoribus
1177 729 1215 800 ²),

188 824 245 872 tam
264 812 472 872 ecclesiasticis
490 829 573 889 quam
596 809 805 881 saecularibus,
833 811 862 868 in
880 806 1023 882 sedendo,
1051 809 1215 870 incedendo

188 908 239 957 aot
256 896 468 975 quibuscunque
488 896 551 955 aliis
569 895 693 966 actibus,
718 894 821 953 nullum
842 897 971 974 cuiquam
990 913 1089 956 eornm
1108 897 1216 960 factum

189 983 277 1042 luisse
296 980 518 1061 praeiudicium
538 978 589 1040 sed
608 980 835 1051 omniuillorum,
854 981 1083 1060 etimperatoris,
1103 1000 1215 1062 regum,

189 1067 461 1146 rerumpublicarum
486 1085 520 1125 ac
543 1066 702 1146 principum
720 1083 834 1128 suorum
862 1066 925 1129 iura
943 1075 973 1132 et
995 1069 1215 1146 praerogativas

188 1153 303 1215 illaesas
322 1162 353 1211 et
374 1153 466 1210 salvas
490 1169 568 1223 esse,
596 1151 624 1208 in
648 1149 805 1230 codemque
829 1161 904 1215 statu
922 1169 1107 1230 permanere,
1129 1164 1216 1232 prout

191 1247 258 1296 autc
277 1256 413 1316 praesens
433 1236 584 1297 concilium
603 1234 830 1316 reperiebantur.

351 1375 392 1422 De
409 1374 562 1435 recipiendis
580 1380 609 1420 ct
625 1373 790 1422 mamoondir
812 1373 924 1422 decretis
942 1376 1052 1422 concilii.

274 1459 365 1518 Tanta
393 1458 446 1517 luit
471 1458 572 1517 borum
595 1468 752 1538 temporum
775 1451 924 1516 'catamitos
951 1465 981 1514 et
1002 1456 1216 1517 baereticorum

190 1545 350 1604 inveterata
374 1544 494 1614 malitia,
523 1554 554 1602 ut
576 1543 645 1601 nibil
669 1552 726 1601 tam
750 1541 857 1600 clarum
880 1541 908 1598 in
933 1538 989 1600 bde
1013 1553 1112 1602 nostra
1137 1563 1215 1604 asse·

87 1633 117 1704 Ἰ
189 1628 280 1690 reuda
298 1649 420 1708 unquam
438 1629 539 1700 luerit,
562 1638 612 1688 aut
633 1637 689 1687 tam
709 1637 791 1688 certo
809 1635 957 1696 statutum,
985 1626 1061 1705 quod
1084 1648 1143 1687 non
1166 1629 1216 1688 bn·

190 1717 266 1776 mani
288 1716 404 1792 generis
426 1713 510 1778 boste
533 1712 670 1775 suadente
693 1713 735 1772 illi
759 1731 859 1772 errore
886 1712 981 1794 aliquo
1001 1715 1216 1776 contaminave-

189 1800 257 1860 rint.
302 1799 345 1862 Ea
367 1809 487 1879 propter
508 1810 608 1859 sancta
635 1797 760 1878 synodus
782 1796 812 1858 id
834 1797 1009 1876 potissimum
1032 1800 1159 1871 curavit,
1188 1811 1216 1860 ut
1316 1805 1317 1824 ¹

189 1887 362 1964 praecipuos
380 1885 594 1947 baereticorum
616 1886 707 1944 nostri
729 1885 866 1962 temporis
884 1902 1001 1944 errores
1019 1882 1170 1946 damnaret
1187 1896 1216 1946 ct

100 2021 103 2029 .
188 1971 460 2041 auatbemtizaret,
482 1989 636 2050 veramque
660 1980 691 2030 et
713 1969 884 2030 catbolicam
909 1967 1066 2029 doctrinam
1086 1969 1215 2030 traderet
1316 2009 1317 2014 κ

88 2095 92 2100 -
145 2059 149 2066 ’
188 2066 221 2114 et
233 2055 363 2130 deseret,
378 2066 463 2136 prout
477 2054 627 2127 damnavit,
642 2054 892 2114 anathematizavit
901 2063 929 2114 et
944 2052 1080 2115 definivit
1109 2055 1212 2130 Quum

188 2160 246 2219 qne
269 2140 375 2202 tamdiu
398 2151 442 2200 tot
460 2143 603 2220 episcopi,
627 2160 664 2200 ex
681 2141 767 2199 variis
787 2139 940 2199 Christiani
964 2140 1041 2200 orbis
1060 2142 1215 2220 provinciis

190 2229 319 2297 evocati,
346 2227 408 2288 sine
431 2246 534 2304 magun
552 2227 650 2304 gregis
673 2225 728 2284 sibi
751 2226 893 2284 commissi
916 2226 1026 2284 iactura
1048 2237 1080 2285 ct
1102 2229 1214 2287 univer·

189 2312 243 2372 sali
260 2311 391 2390 paritulo
418 2312 454 2374 ab
482 2312 615 2372 ecclesiis
641 2311 743 2370 abesse
771 2311 969 2389 nonpossint,
996 2330 1050 2370 nec
1073 2313 1132 2372 ullu
1150 2331 1214 2392 spes

190 2407 294 2468 restet,
313 2398 491 2468 haereticos,
510 2399 612 2470 toties,
635 2395 691 2456 lide
714 2396 800 2456 ctiam
819 2396 947 2474 pubIIco,
966 2415 1048 2475 quam
1067 2395 1213 2459 desidera·

190 2483 306 2556 rusti),
325 2482 474 2551 invitatos,
501 2491 532 2540 et
549 2479 655 2542 tamdiu
673 2491 870 2559 exspectatos,
894 2481 948 2542 buc
967 2483 1085 2562 emplius
1108 2481 1213 2544 adron·
1317 2489 1318 2506 ¹

190 2576 284 2638 turos,
307 2563 432 2644 ideoque
455 2564 569 2626 taudem
596 2565 663 2626 huic
690 2585 774 2626 sacro
804 2567 927 2626 coneilio
956 2566 1039 2626 finem
1067 2570 1214 2648 imponere

134 2669 177 2710 sos
191 2669 311 2710 necesse
330 2651 381 2710 sit:
400 2662 532 2731 superest
550 2671 634 2723 nunc,
654 2661 685 2709 ut
702 2653 846 2752 principes
865 2671 973 2724 omues,
993 2651 1068 2732 quod
1086 2654 1168 2726 facit,
1187 2656 1214 2714 in
1317 2679 1318 2684 ¹

191 2735 312 2795 Ilomiuo
328 2747 443 2796 moneat
460 2735 497 2795 ad
519 2754 635 2817 operam
654 2756 732 2796 suam
749 2737 791 2794 ita
808 2737 1017 2815 praestandam,
1036 2749 1067 2798 ut
1086 2758 1160 2818 quae
1179 2740 1214 2798 ab

150 2849 153 2856 ¹
190 2840 224 2880 ea
243 2819 364 2881 decreta
386 2832 451 2881 sunt
473 2823 508 2882 ab
527 2822 683 2882 haereticis
706 2821 858 2901 depravari
880 2833 930 2882 aut
951 2824 1054 2882 violari
1072 2845 1129 2883 uon
1149 2844 1215 2905 per·

148 2937 154 2946 ¹
189 2907 315 2980 mittant,
339 2906 391 2970 sed
414 2908 449 2974 ab
468 2909 511 2969 bis
530 2918 560 2970 et
578 2908 706 2968 omnibns
725 2906 829 2968 devote
847 2910 1026 2987 recipiantur
1043 2919 1073 2969 et
1091 2899 1215 2970 lidelitcr

188 2993 387 3062 observentur
425 2992 541 3068 Quodsi
556 2996 584 3054 in
602 2994 647 3054 his
664 2992 839 3073 recipiendis
856 2995 951 3073 aliqua
970 2993 1119 3055 difficultas
1138 2997 1216 3055 oria·

189 3089 250 3151 tur,
268 3091 317 3142 aut
335 3079 430 3159 aliqua
447 3078 616 3152 inciderint,
636 3098 708 3159 quae
727 3078 961 3151 declarationem,
980 3079 1056 3160 qnod
1075 3101 1131 3140 non
1151 3100 1217 3142 crc-

189 3161 245 3236 dit,
268 3175 319 3226 ant
340 3163 535 3226 definitionem
557 3166 715 3245 postulant,
743 3175 860 3244 praeter
882 3165 937 3225 alia
960 3165 1088 3226 remedia
1110 3167 1140 3226 in
1159 3167 1216 3228 hoc

190 3251 315 3312 coneilio
337 3251 466 3312 instituta
489 3250 607 3311 conlidit
629 3249 880 3330 sanctasynodus,
899 3250 1091 3312 beatissimum
1110 3249 1217 3312 Roma-

189 3355 254 3394 num
272 3334 442 3398 Pontificem
462 3347 638 3408 curaturum,
657 3347 689 3396 ut
704 3336 751 3395 vel
770 3337 898 3396 evocatis
916 3354 953 3396 ex
970 3337 1027 3397 illis
1044 3340 1216 3417 praesertim

125 3444 127 3453 ·
188 3422 353 3499 provinciis,
370 3420 446 3482 uude
465 3419 615 3484 difficultas
633 3433 697 3481 orta
714 3422 812 3494 Iuemt,
831 3423 875 3494 iis,
895 3442 965 3503 quos
983 3421 1076 3483 eidem
1095 3425 1216 3502 negotio

189 3505 340 3566 tractando
362 3507 467 3568 viderit
489 3508 642 3609 expedire,
665 3508 817 3568 ueletiam
837 3507 954 3568 concilii
972 3509 1117 3588 genereus
1135 3509 1216 3568 cele·

187 3589 376 3661 bratioue‚
353 3611 377 3652 st
396 3595 588 3654 necessarium
606 3592 791 3666 iudicaverit,
809 3595 856 3653 vel
874 3593 1069 3655 commodiore
1089 3603 1215 3675 quacun·

188 3694 243 3753 qne
265 3675 378 3736 ratione
402 3679 430 3738 ei
452 3679 541 3738 visum
559 3681 660 3752 fuerit,
684 3680 895 3759 provinciarum
919 3681 1137 3742 necessitatibus
1159 3699 1214 3760 pro

188 3757 243 3817 Dei
261 3759 355 3836 gloria
372 3771 403 3820 et
420 3763 563 3822 ecclcsiae
583 3764 787 3844 tranquillitate
806 3767 979 3826 consulatur.

240 3903 319 3950 Sans
334 3906 413 3952 XXV
440 3912 461 3960 t)
475 3907 577 3952 minuc
600 3912 665 3957 Su
677 3910 771 3957 XXIV
784 3913 981 3960 dereIe't
1014 3911 1214 3970 tleiwflmss.

187 3961 286 4000 extr·-
311 3960 332 4012 t)
347 3955 378 4001 cI.
388 3957 453 4002 Seis.
454 3912 534 4004 'Lm
543 3923 630 4006 IV.
607 3960 700 4008 xvtu.
711 3967 772 4008 extr.
