2654 4334
187 295 271 352 ιω
393 287 545 353 mannua,
563 287 648 350 nun
666 281 814 340 nuuoc.
825 285 1015 370 rerumne*

187 431 430 515 praedecessores
449 441 577 502 nostros,
601 449 636 489 ae
655 449 707 488 uos
726 438 755 488 et
773 425 870 488 sedem
887 418 1076 507 apostolicum
1095 427 1215 507 eiusque

189 522 301 598 legatos
319 519 467 590 hactenus,
486 517 572 578 etlam
590 525 668 574 motu
686 515 813 594 proprio,
836 521 867 572 et
884 530 922 573 ex
940 523 1019 573 certa
1038 515 1160 572 scientia
1178 533 1215 573 ac

187 605 225 664 de
244 604 422 683 spostolicae
440 603 591 685 potestatis
609 597 800 680 plenitudine,
823 618 874 658 seu
896 599 982 658 etiam
1000 599 1214 679 imperatorum,

188 711 298 768 regum,
318 687 429 761 ducum,
449 700 478 748 ct
496 687 615 747 aliorum
629 685 786 765 principum
802 683 1043 763 contemplatione
1058 695 1089 743 et
1102 685 1215 757 intuitu,

186 772 330 836 etiarn'de
349 776 467 834 fratrum
487 774 619 843 consilio,
639 769 844 840 diversimode,
867 771 1010 850 variisque
1029 771 1215 850 temporibus,

189 865 218 920 in
234 879 341 939 genere
355 861 401 918 vel
416 858 524 938 specie,
544 858 696 936 ex'quavis
715 857 799 916 etiam
819 856 940 916 bonesta
960 873 1047 915 cansa
1065 875 1216 929 concessa,

187 959 220 1007 et
242 947 328 1004 etiam
350 947 456 1024 pluries
480 945 648 1005 confirmata
666 953 696 1001 et
713 944 847 1002 innovata
869 942 1000 1013 fuerunt,
1023 942 1052 1000 in
1070 942 1217 1022 plerisque

190 1033 415 1091 contrariantur:
439 1029 510 1100 Nos,
531 1029 631 1108 quibus
650 1029 678 1086 iu
698 1027 796 1106 primis
813 1025 896 1112 cordi
915 1037 968 1098 est,
994 1037 1049 1087 tam
1068 1038 1167 1088 macta
1186 1039 1220 1088 et

188 1117 333 1176 eeclesiae
353 1114 406 1174 Dei
431 1115 619 1174 saluberrima
640 1113 760 1173 decreta
780 1129 863 1183 suos,
886 1121 917 1170 nt
939 1131 992 1192 par
1010 1121 1066 1183 est,
1095 1113 1217 1174 effeetus

137 1236 139 1248 =
189 1201 293 1280 ubique
322 1202 473 1278 consequi,
497 1210 528 1259 et
545 1201 580 1259 ab
600 1199 729 1258 omnibus
747 1197 918 1257 obedienter
941 1199 1101 1268 observari,
1129 1201 1219 1277 privi-

93 1291 116 1344 l
189 1289 341 1366 legiorum,
360 1288 580 1364 exemptionum,
595 1286 813 1354 immunitatum,
833 1284 1014 1355 facultatum,
1030 1295 1220 1344 conservato-

189 1376 304 1443 rinrum,
324 1370 507 1442 indultorum,
527 1369 792 1440 confessionalium,
805 1371 903 1428 maris
920 1371 1025 1448 magni,
1049 1380 1081 1428 et
1096 1369 1217 1430 aliarum

134 1484 176 1542 par,
190 1459 343 1538 gratiarum
371 1455 597 1537 praedictarum,
625 1476 660 1516 ac
684 1473 913 1534 quarumcunque
941 1455 1164 1534 apostolicarum
1188 1467 1220 1514 et

190 1545 308 1604 abaram
319 1544 466 1602 literarum
480 1542 604 1622 desuper
618 1541 824 1611 confectarum,
843 1559 1096 1620 processuumqne,
1114 1539 1220 1600 decre-

156 1670 160 1688 ,
189 1642 282 1690 torum
302 1636 332 1688 et
349 1630 470 1688 aliorum
493 1627 560 1688 inde
583 1637 746 1686 secutorum
766 1637 897 1698 tenores,
921 1628 998 1686 acsi
1017 1626 1218 1686 delverbnad

189 1716 305 1775 verbum
320 1716 525 1786 insererentur,
544 1712 744 1793 praesentibus
760 1732 815 1791 pro
833 1711 1007 1772 sufficienter
1025 1713 1170 1790 expressis
1188 1723 1221 1771 et

189 1802 273 1880 plene
288 1801 404 1860 insertis
418 1800 567 1871 babentes,
586 1810 664 1858 motu
682 1799 809 1877 propriu,
829 1808 860 1856 ct
877 1817 915 1856 en
933 1808 1014 1858 certa
1031 1799 1165 1868 seientia,
1182 1816 1219 1856 ac

190 1887 226 1946 de
250 1886 427 1966 apostolicae
451 1886 602 1965 potestatis
623 1883 815 1964 plenitudiue,
844 1882 919 1962 quod
946 1881 1045 1942 eadem
1071 1885 1166 1942 omnia
1188 1894 1222 1942 et

188 1973 300 2051 singula
310 1973 470 2051 privilegia,
485 1972 692 2052 exemptiones,
711 1969 911 2040 immunitates,
925 1970 1086 2040 facultates,
1102 1967 1222 2048 dispen-

152 2079 155 2114 ς
188 2061 326 2129 sationes,
346 2058 589 2129 conservatoriae,
604 2055 722 2127 indulta,
739 2055 971 2126 comessioualia,
987 2073 1065 2114 nare
1075 2069 1219 2132 magnum,

124 2188 125 2192 ,
188 2155 220 2204 et
238 2145 311 2202 aliae
330 2146 441 2220 gratiae
460 2144 489 2201 iu
507 2144 551 2202 bis
571 2141 700 2201 omnibus
718 2152 749 2200 et
765 2141 898 2219 siugulis,
921 2142 949 2198 in
973 2140 1073 2220 quibus
1090 2139 1142 2199 illa
1160 2151 1222 2200 rta-

188 2231 312 2288 tutiset
333 2227 460 2288 decretis
483 2229 600 2288 concilii
626 2225 786 2287 huiusmodi
814 2227 1039 2297 contrariantur,
1068 2228 1130 2304 ipso
1156 2229 1220 2286 inre

189 2324 341 2385 revocata,
366 2324 479 2374 cassata
497 2325 528 2373 et
545 2313 700 2384 annullata,
723 2332 758 2372 ac
780 2309 817 2370 ad
835 2312 923 2391 ipsius
942 2313 1058 2371 concilii
1077 2315 1220 2372 terminos

142 2429 148 2439 =
189 2412 274 2480 atque
298 2398 402 2460 limites
425 2399 547 2459 reducta
568 2401 627 2458 siut
643 2410 673 2458 et
691 2418 756 2458 esse
779 2407 964 2473 censeantur,
988 2416 1042 2457 nec
1066 2399 1219 2478 quicquam

187 2485 325 2544 adversus
347 2487 409 2562 ipsa
433 2482 551 2543 decreta
575 2495 606 2548 et
628 2493 748 2553 statuta,
772 2503 827 2562 quo
851 2485 947 2553 minus,
964 2483 1069 2563 ubique
1092 2494 1125 2544 et
1141 2483 1220 2563 apud

188 2589 287 2629 omnes
307 2569 505 2640 observentur,
524 2570 553 2627 in
572 2569 668 2648 aliquo
686 2568 838 2647 suffragari
856 2588 951 2648 posse,
970 2568 1022 2629 sed
1041 2569 1218 2649 superinde

189 2655 291 2724 baberi
310 2665 340 2713 et
357 2655 485 2732 reputari
505 2652 627 2726 dobere,
652 2674 686 2713 ac
706 2656 729 2713 si
747 2673 886 2735 uunquam
906 2665 1096 2727 emanassent,
1116 2665 1220 2716 aucto·

188 2743 275 2800 ritate
307 2741 467 2820 apostolica
498 2749 600 2800 tenore
627 2742 820 2820 praesentium
847 2741 1039 2812 declaramus,
1067 2761 1102 2801 ac
1130 2743 1220 2802 etiarn

188 2827 336 2887 statuimus
358 2837 389 2886 et
412 2825 584 2886 ordinamus.
638 2827 837 2888 Decernentes
864 2827 1047 2887 nihilominus
1070 2829 1165 2886 omnia
1189 2839 1221 2888 et

187 2913 308 2992 singula,
329 2915 511 2992 quaevigore
526 2914 751 2992 privilegiorum,
771 2915 992 2993 exemptionum,
1011 2915 1221 2974 immunitatum

27 3031 32 3038 ·
125 3013 131 3022 ’
187 3011 220 3060 et
241 2998 494 3078 dispensationum,
517 3001 700 3070 facultatum,
722 2999 1009 3072 conseruatoriarum,
1032 2997 1218 3071 indultorum,

187 3086 440 3144 confessionalium
456 3095 486 3144 ct
499 3086 617 3144 aliarum
631 3105 860 3164 quarumcunque
876 3087 1031 3164 gratiarum
1045 3085 1219 3156 buinsmndi,

187 3180 254 3248 post
271 3169 300 3228 id
318 3181 438 3249 tempus,
463 3191 518 3249 quo
538 3173 689 3232 concilium
708 3171 839 3250 obligare
857 3173 966 3251 coepit,
990 3173 1069 3230 facta
1087 3179 1118 3230 ct
1135 3183 1219 3250 gesta

25 3241 34 3258 ⁸
72 3324 78 3337 ¹
188 3255 405 3334 quomodolibet
427 3257 543 3315 fuerumt
560 3269 591 3316 et
608 3258 637 3314 in
655 3267 799 3336 posterum
823 3256 905 3327 ient,
934 3259 963 3316 iu
986 3257 1043 3329 his,
1066 3259 1096 3316 in
1116 3257 1218 3336 quidus

188 3340 258 3400 dicti
272 3343 392 3402 concilii
406 3340 533 3402 decretis
547 3341 743 3413 adversantur,
764 3343 850 3414 nulla,
867 3342 992 3402 invalida
1007 3354 1037 3402 et
1051 3344 1133 3402 inrita
1152 3362 1218 3402 esse

187 3437 217 3496 et
236 3430 359 3499 censeri,
379 3448 414 3486 ac
432 3427 547 3499 nemini,
568 3429 654 3487 etiam
674 3428 887 3507 quantumlibet,
906 3440 938 3488 nt
954 3429 1128 3508 praefertur,
1147 3416 1219 3508 qu'a·

188 3511 306 3581 lilicatu,
326 3523 383 3572 tam
392 3514 421 3572 in
430 3515 496 3572 foro
516 3511 706 3594 (quodainnt)
724 3515 791 3586 fori,
811 3533 892 3593 quam
908 3514 1219 3574 conscientiaesuffra·

186 3596 251 3673 gari
260 3613 344 3673 posse
356 3609 386 3656 et
395 3597 512 3670 debere,
532 3609 562 3658 et
580 3601 621 3657 ita
634 3603 688 3679 per
701 3619 883 3679 quoscunque
898 3593 1216 3670 locorumordinarios,

186 3681 317 3758 aliosque
335 3682 446 3742 iudices
464 3695 494 3742 et
512 3685 722 3744 commissarios
740 3687 837 3766 quavis
861 3688 1034 3746 auctoritate
1052 3687 1216 3765 fungemes

187 3765 274 3823 etiam
297 3777 415 3826 sanctae
439 3766 584 3830 Romanae
611 3771 756 3830 ecclesiae
783 3770 958 3844 cardinales,
986 3771 1098 3832 subluto
1120 3773 1163 3832 eis
1187 3780 1219 3832 et
1319 3761 1320 3776 ¹

188 3867 287 3933 eorum
310 3850 429 3910 cuilibet
456 3856 553 3930 quavis
579 3856 666 3914 aliter
689 3855 835 3916 iudicandi
861 3858 1014 3930 facultate,
1040 3859 1218 3936 inutraque

188 3933 253 3990 foro
271 3933 393 3994 iudicari
411 3947 442 3995 et
459 3936 572 3999 definiri
591 3939 708 4013 debere,
728 3962 762 4000 ac
781 3943 915 4023 uulcquid
933 3963 1017 4016 secus
1030 3964 1049 4004 n
1062 3961 1216 4023 moenam,
