2648 4336
389 267 516 336 niun.
535 281 623 338 sun.
642 281 809 337 rrsrour
1037 285 1124 344 au

76 443 144 483 non
166 419 280 502 quidem
299 409 383 502 culpa
400 422 488 502 legis,
509 443 581 502 quae
600 423 778 483 sanctissima
796 419 1048 505 erat,'sedcutpe
1065 423 1119 487 ho·

75 509 185 579 minis,
209 508 257 588 qui
276 507 326 567 suh
345 509 410 586 lege
429 510 489 568 sine
509 509 603 586 gratia
621 511 711 588 magis
733 511 879 589 magisque
901 511 1121 593 praevaricator

67 595 218 664 ‘evasitfi‘
240 591 476 674 superadditque:
500 595 629 672 „legem,
654 596 677 654 si
701 613 757 654 nou
780 597 890 654 sanavit
912 615 965 656 cor
986 596 1117 672 hominis,

77 679 237 751 effecisse,
261 690 291 738 ut
310 699 360 738 sua
378 680 452 740 mala
471 691 675 758 cognosceret,
696 691 724 739 et
743 678 780 740 do
798 701 848 740 sna
866 680 1029 741 infirmitate
1049 703 1118 742 con-

75 767 180 824 victus
200 763 381 824 desideraret
399 767 519 844 gratiam
537 760 744 836 mediatoris‚“
762 799 805 810 —
823 785 878 846 qua
895 777 977 846 parte
996 785 1120 845 genera-

77 852 266 911 literinnuit
282 851 424 910 hominem
443 851 705 931 praevaricatorem
724 850 848 911 evasisse
866 869 920 931 per
934 851 1119 912 inobservan-

77 937 155 995 tiam
176 937 264 1016 legis,
289 953 369 1016 quam
389 939 530 1016 impotens
549 947 626 996 esset
649 936 818 1009 ohservare,
842 938 922 1017 quasi
943 937 1118 1017 impossihile

79 1021 196 1102 aliquid
219 1023 347 1104 potuerit
369 1021 511 1101 imperare
536 1024 582 1102 qui
605 1023 693 1082 iustus
715 1033 774 1094 est,
801 1032 851 1081 aut
873 1021 1054 1081 damnaturus
1081 1025 1119 1083 sit

78 1111 232 1169 hominem
252 1125 305 1187 pro
325 1125 375 1179 eo,
395 1106 472 1186 qnod
490 1127 547 1167 nou
565 1109 658 1188 potuit
675 1109 777 1179 vitare,
797 1109 845 1187 qui
863 1108 925 1187 pius
944 1120 988 1168 est
1017 1107 1117 1190 (ch.

80 1195 228 1254 Caesario
248 1213 334 1253 serm.
352 1195 403 1256 73.
423 1195 451 1251 in
471 1192 592 1274 append.
609 1191 639 1252 S.
654 1192 815 1272 Augustini.
832 1191 924 1252 Serm.
961 1199 1032 1258 2⁷3.
1049 1193 1118 1254 edit.

9 1327 10 1334 ,
80 1277 182 1340 Maur.
202 1315 241 1325 -·
262 1298 300 1339 ex
319 1275 348 1336 S.
368 1277 443 1357 Aug.
462 1277 498 1338 de
517 1289 576 1338 nat.
595 1289 625 1338 et
642 1297 686 1358 gr.
707 1297 733 1338 e.
752 1283 803 1341 43.
818 1276 918 1338 —De
933 1289 1008 1356 grat.
1026 1279 1117 1339 etlih.
1132 1290 1171 1333 tau

81 1367 150 1424 arb.
173 1385 198 1424 c.
220 1370 269 1430 16.
288 1399 332 1408 —
349 1357 436 1422 lluar.
456 1364 484 1422 in
506 1363 577 1443 psal.
601 1369 652 1429 50.
677 1384 703 1421 n.
731 1366 788 1440 1.):
807 1365 911 1435 Falsa,
931 1365 1119 1436 scandaloso,

83 1452 197 1530 impio,
219 1453 248 1510 ln
267 1451 343 1510 Boio
363 1451 512 1509 damnata.

179 1620 242 1680 XX.
271 1619 333 1694 Qua
355 1630 437 1699 parte
460 1616 545 1680 datur
566 1621 703 1700 intelligi,
731 1619 874 1678 hominem
895 1617 946 1678 suh
971 1620 1036 1697 lege
1059 1619 1121 1678 sine

86 1707 187 1786 gratia
204 1707 331 1786 potuisse
351 1706 505 1786 concipere
524 1704 696 1766 desiderium
720 1704 830 1784 gratiae
852 1702 1019 1763 mediatoris
1042 1703 1121 1764 crdi-

84 1803 188 1852 natum
212 1790 390 1851 adsalutem
418 1793 584 1870 promissam
610 1810 663 1869 per
685 1789 840 1861 Christum,
868 1790 948 1868 quasi
976 1785 1032 1848 non
1059 1791 1121 1868 ipsa

86 1879 187 1958 gratia
206 1877 294 1938 laciat
311 1887 343 1936 ut
361 1878 511 1936 invocetur
529 1896 544 1934 a
564 1874 660 1946 uobis,
686 1884 735 1949 (ex
753 1875 857 1934 concil.
876 1873 979 1935 Araus.
999 1873 1036 1934 ll.
1056 1894 1119 1934 can.

87 1970 152 2038 3.):
174 1963 357 2042 Propositr'o,
378 1965 519 2034 ut'r‘ocet,
539 1964 686 2039 captiosa,
704 1970 853 2040 suspecta,
869 1955 981 2036 saccas
1003 1959 1125 2018 tancre·

88 2045 364 2130 Semipclagr'oncc.

260 2215 307 2278 De
331 2219 446 2298 gratia
468 2217 687 2277 illuminante
711 2226 745 2274 ct
768 2216 957 2286 excitante.

441 2357 443 2360 '
495 2354 537 2401 Dc
552 2361 624 2416 grat.
641 2351 667 2419 §.
686 2356 727 2400 11.

179 2469 257 2536 XXI.
282 2471 459 2553 propositio,
480 2493 551 2553 quae
570 2475 686 2532 asserit:
710 2471 839 2545 „Lumen
858 2472 984 2550 gratiae,
1009 2465 1121 2548 quaudo
1156 2517 1160 2522 ,

90 2565 131 2622 sit
153 2562 258 2632 solum,
287 2581 344 2620 non
367 2569 530 2640 praestare,
558 2561 612 2618 nisi
634 2568 665 2617 ut
687 2577 896 2638 cognoscamus
922 2555 1123 2615 infelicitatem

91 2648 185 2708 nostri
209 2656 298 2708 status
321 2656 351 2704 et
374 2646 542 2724 gravitatem
566 2646 657 2702 nostri
680 2645 761 2718 mali3
785 2644 905 2722 gratiam
929 2638 957 2701 in
982 2639 1032 2700 tali
1055 2659 1123 2700 casn

90 2730 258 2816 producere
278 2728 398 2790 eundem
422 2729 568 2800 ellectum,
593 2747 673 2808 quem
697 2731 745 2788 lex
766 2726 959 2808 producebat3
984 2725 1050 2785 ideo
1073 2745 1125 2786 ne-

93 2837 178 2880 cesse
198 2828 331 2898 esse,gut
349 2809 426 2878 Deus
446 2827 527 2876 creet
549 2815 578 2872 in
601 2811 689 2872 corde
713 2823 812 2873 nostro
836 2822 963 2870 sanctum
986 2807 1126 2882 amorem,¹

93 2915 125 2964 et
143 2905 264 2984 inspiret
286 2913 413 2962 sanctam
437 2899 657 2961 delectationem
683 2898 854 2956 contrariam
878 2896 967 2955 amori
990 2896 1019 2953 in
1041 2893 1124 2954 nohis

93 2987 262 3058 dominanti,
281 2989 355 3047 hunc
374 3007 499 3047 amorem
519 2995 655 3056 sanctum,
674 2983 748 3042 hanc
763 2991 888 3041 sanctam
903 2978 1125 3062 delectationem

94 3093 160 3135 esse
178 3076 296 3154 proprie
308 3075 436 3152 'gratiam
457 3071 521 3132 lesu
540 3070 659 3142 Christi,
678 3067 892 3149 inspirationem
912 3065 1049 3137 rannus,
1070 3085 1126 3144 qua

95 3162 214 3238 cognita
238 3170 337 3219 saneto
361 3176 459 3218 amore
482 3158 633 3229 iaciamus;
660 3155 734 3214 hanc
757 3170 821 3212 esso
843 3152 920 3211 illam
943 3149 1083 3224 radicem,
1108 3169 1124 3210 e

96 3265 152 3326 qua
176 3247 372 3324 germinantur
393 3245 470 3303 hona
493 3262 596 3323 opera,
618 3241 693 3302 hanc
716 3259 780 3300 esse
803 3239 925 3316 gratiam
948 3238 1012 3296 novi
1037 3247 1125 3296 testa·
1175 3283 1181 3292 .

95 3333 198 3402 menti,
219 3349 291 3411 quae
309 3348 361 3389 nos
380 3325 518 3390 liberata
536 3328 673 3388 servitute
691 3325 819 3407 peccati,
839 3334 869 3383 et
887 3321 1033 3383 constituit
1052 3322 1126 3381 lilios

97 3416 190 3488 Dei,“
211 3449 250 3460 -
269 3425 408 3497 quatenus
426 3414 568 3487 intendat,
593 3433 655 3473 eam
673 3412 763 3472 solam
782 3429 845 3471 esse
864 3409 980 3490 proprie
1004 3405 1127 3487 gratiam

97 3503 163 3562 lesu
175 3501 303 3574 Christi,
328 3522 400 3582 quae
420 3512 501 3562 creet
521 3501 551 3559 iu
574 3497 663 3560 corde
686 3509 813 3558 sanctum
835 3514 977 3567 amorem,
999 3502 1032 3555 et
1053 3511 1126 3573 quae

97 3589 169 3648 l'aclt
192 3598 223 3646 ut
243 3589 395 3661 iaciamus,
418 3589 477 3648 sive
500 3587 660 3665 etiamque
681 3585 766 3644 homo
790 3585 926 3643 liheratus
950 3599 967 3640 a
989 3580 1126 3642 servituto

97 3675 214 3754 peccati
232 3675 416 3734 constituitur
434 3673 507 3734 lilius
525 3669 593 3743 Dei,
617 3681 647 3730 et
664 3691 721 3730 non
739 3671 777 3730 sit
795 3671 879 3730 etiam
898 3668 1014 3748 proprie
1033 3667 1128 3746 gratia

94 3759 206 3829 Christi
224 3775 260 3820 oa
279 3762 380 3840 gretia,
401 3778 456 3840 que
473 3778 533 3820 cor
544 3756 665 3818 hominis
682 3757 809 3836 tangitur
826 3776 880 3836 per
893 3754 1128 3815 illuminationem

100 3844 224 3926 Spiritus
243 3850 334 3906 suncti
355 3839 447 3920 (triu.
468 3865 538 3907 sess.
557 3844 609 3906 Vl.
628 3862 691 3924 cap.
710 3847 764 3918 5.),
788 3862 841 3902 nec
865 3859 934 3902 vera
952 3838 1036 3902 detur
1052 3841 1128 3900 into-

99 3935 161 3994 rior
180 3935 272 4010 gratia
288 3933 413 4005 Christi,
437 3933 484 3993 oui
506 3930 662 3993 resistitur:
685 3931 789 4003 Falso,
812 3932 962 4010 coph'oro,
987 3927 1179 3987 induemur
