2648 4336
311 249 316 256 ·
398 222 635 311 intonsos.
654 254 816 310 rrsron
1047 260 1127 319 m

81 393 254 472 vitanisque
272 391 403 452 Patribus
422 393 548 453 volumus
566 404 597 453 ct
615 405 743 474 optamus
761 397 890 456 homines
907 417 995 476 prava
1013 396 1122 460 docen-

84 489 138 540 tes
160 479 300 552 pastorali
323 498 393 538 cura
415 480 444 538 in
467 480 593 540 ecclesia
616 483 725 552 senari,
750 499 831 559 quam
855 481 1007 560 desperata
1028 485 1120 546 salute

80 585 130 624 ex
150 564 198 623 illa
216 563 359 635 resecari,
379 565 403 622 si
421 566 579 624 necessitas
597 565 674 624 nulla
693 567 854 644 compellat.

130 676 135 684 ·
179 647 268 722 Quam
287 646 323 707 ad
342 668 416 720 rem,
440 669 477 708 ne
495 648 571 728 qood
588 669 679 727 genus
701 651 791 710 officii
812 651 849 711 ad
873 652 1038 713 lucrandum
1061 657 1120 714 fra-

82 746 164 794 trem
184 734 414 814 praetermissum
429 733 584 807 videretur,
603 737 762 814 praefatum
776 739 950 817 episcopum,
970 749 1121 818 antequam

83 819 127 880 ad
148 821 288 879 ulteriora
305 820 560 900 progrederemur,
580 823 778 882 amantissimis
797 823 888 882 literis
906 822 942 882 ad
961 843 1024 884 eum
1043 826 1137 884 iussu

82 917 192 966 nostro
212 903 286 964 datis
303 904 339 965 ad
358 926 410 966 nos
428 905 596 966 acciendum
615 905 756 980 duximus,
779 909 903 988 polliciti
919 910 998 980 lore,
1020 920 1052 968 ut
1069 910 1120 969 be·

83 993 197 1051 nevolo
215 991 345 1050 animoa
367 992 449 1050 nobis
473 993 671 1070 exciperetur,
694 1011 748 1052 nec
771 1005 931 1066 vetaretur,
956 995 1023 1074 quin
1046 1014 1119 1074 quae

83 1080 117 1135 in
139 1096 201 1136 rem
219 1095 297 1135 snam
315 1078 414 1136 iacere
433 1077 486 1136 sibi
504 1076 671 1137 viderentur
688 1079 778 1138 libere
797 1091 953 1159 aperteque
968 1099 1119 1159 exprome-

81 1173 146 1222 ret.
191 1160 256 1221 Nec
275 1181 344 1221 vero
362 1181 428 1241 spes
447 1182 499 1221 nos
518 1165 607 1221 omnis
626 1162 793 1223 deseruerat
813 1164 876 1224 lieri
894 1185 993 1244 posse,
1013 1176 1057 1236 ut,
1081 1167 1119 1226 si-

80 1245 205 1327 quidem
229 1249 348 1306 animum
373 1248 450 1306 illum
479 1246 631 1307 docibilem
659 1248 790 1319 afferret,
818 1269 901 1327 quem
928 1269 965 1309 ex
985 1247 1119 1328 Apostoli
1168 1281 1171 1285 ·

80 1335 233 1393 sententia
251 1333 280 1390 in
299 1333 435 1413 episcopo
454 1335 575 1394 manime
593 1331 824 1410 Augustinus12)
841 1335 1015 1412 requirebat,
1035 1354 1118 1413 quum

80 1419 261 1497 simpliciter
277 1429 307 1478 et
319 1416 462 1490 candide,
487 1421 563 1477 omni
585 1430 696 1478 remota
715 1419 933 1478 concertatione
952 1431 983 1480 et
1005 1420 1119 1480 acerbi-

33 1573 37 1586 Ι
82 1514 164 1575 tate,
189 1502 428 1582 recognoscenda
451 1505 479 1562 ei
500 1514 731 1583 proponerentur
749 1500 904 1582 praecipua
923 1503 1120 1576 doctrinarum¹

84 1591 201 1668 capita,
229 1608 300 1668 quae
326 1591 387 1650 visa
415 1599 512 1648 essem
533 1590 634 1649 maiori
658 1587 902 1650 animadversione
927 1586 1027 1666 digna,
1059 1599 1118 1653 tuna

82 1670 178 1733 facile
196 1693 259 1735 sese
277 1677 338 1753 ipse
359 1675 498 1752 colligens
517 1695 573 1733 non
592 1673 749 1745 dubitaret,
775 1693 846 1750 quae
869 1673 1001 1751 ambigue
1024 1676 1118 1752 posita

83 1769 188 1820 essent
206 1761 234 1818 in
253 1761 396 1818 saniorem
414 1779 525 1820 sensum
545 1779 705 1838 exponere,
730 1777 837 1836 quaeve
857 1759 1033 1818 manifestam
1051 1777 1118 1838 pra-

83 1848 206 1906 vitatem
229 1865 299 1925 prae
322 1865 353 1904 se
377 1846 488 1904 lerrent
514 1855 613 1924 aperte
641 1842 808 1921 repudiare,
837 1854 921 1922 atque
949 1846 989 1903 ita
1016 1864 1118 1922 magua

84 1951 153 1990 cum
171 1932 214 1989 sui
234 1931 354 1990 nominis
373 1932 584 1990 existimatione
602 1940 658 1988 tum
673 1928 827 1991 laetissima
840 1929 979 1989 bonorum
995 1930 1117 1987 omnium

83 2015 298 2094 gratulatione,
317 2017 513 2094 pacatissima,
533 2034 587 2093 qua
605 2015 668 2076 lieri
685 2024 793 2093 posset,
812 2015 925 2073 ratione
946 2016 1001 2072 orti
1019 2016 1048 2072 in
1068 2033 1118 2072 ec·

83 2103 180 2161 clesia
198 2103 333 2181 strepitus
352 2101 529 2181 optatissima
548 2101 730 2158 correctione
750 2101 1007 2178 comprimerentur
1019 2100 1080 2172 13).

176 2185 260 2246 Nunc
278 2206 357 2257 vero,
378 2206 460 2265 quum
479 2185 528 2244 ille
548 2183 644 2242 oblato
664 2183 806 2243 beneficio
824 2183 1023 2242 incommodae
1038 2185 1116 2243 vale-

84 2271 195 2333 tudinis
214 2273 327 2332 nomine
346 2273 436 2330 minus
455 2267 588 2328 utendum
607 2269 661 2328 sibi
675 2288 739 2328 esse
754 2272 907 2340 censuerit,
928 2269 1045 2328 differre
1060 2271 1116 2327 iam

84 2378 145 2416 non
169 2373 329 2438 possumus,
358 2359 423 2436 quin
446 2355 606 2434 apostolico
629 2365 727 2414 nostro
756 2355 865 2414 muneri
892 2355 1167 2418 satisfaciamus.saa

83 2443 155 2503 Non
175 2443 256 2503 unius
275 2440 467 2502 tantummodo
486 2441 638 2500 alteriusve
662 2438 805 2500 dioecesis
827 2441 984 2520 periculum
1007 2442 1115 2518 agitur:

85 2531 266 2588 universatis
285 2530 409 2588 ccclesia
428 2546 599 2606 quocunque
618 2529 749 2586 noor‘totc
769 2527 909 2604 pulsetur
922 2528 982 2600 ¹⁴).
1028 2523 1117 2585 Undi-

86 2615 218 2693 quoiam
238 2612 347 2692 pridem
366 2632 423 2672 non
441 2622 626 2690 exspectatur
643 2610 743 2684 modo,
767 2631 864 2670 verum
887 2611 1009 2670 assiduis
1031 2630 1114 2691 repe·

85 2701 148 2758 titis
167 2699 301 2778 precibus
320 2699 494 2776 efflagitatur
512 2715 659 2774 supremae
679 2698 856 2775 apostolicae
875 2695 952 2756 sedis
969 2697 1114 2757 iudicium.

84 2783 188 2856 Absit,
213 2794 243 2843 ut
262 2805 318 2843 vox
335 2783 414 2842 Petri
437 2785 466 2841 in
489 2783 537 2840 illa
560 2800 681 2859 unquam
704 2780 773 2839 sede
796 2800 847 2839 sua
870 2784 1061 2853 conticescat,
1085 2784 1115 2840 in

86 2889 143 2949 qua
162 2881 302 2970 perpetuo
325 2872 423 2928 vivens
445 2868 493 2927 ille
516 2885 550 2926 ac
573 2863 740 2945 praesidens
763 2876 890 2944 praestat
913 2866 1115 2945 quaerentibus

86 2954 156 3016 fidei
175 2957 323 3018 veritatem
335 2958 344 2996 ¹
355 2957 394 3030 ⁵).
438 2953 512 3014 Tute
529 2973 586 3012 non
605 2961 648 3011 est
666 2953 695 3012 in
714 2951 817 3012 talibus
831 2951 958 3052 longior
960 2953 1112 3010 conniven-

86 3043 141 3112 tia,
168 3041 233 3121 quia
254 3038 418 3099 tantundem
441 3057 532 3118 paene
557 3038 682 3096 criminis
705 3047 749 3096 est
771 3037 926 3095 connivere
949 3039 978 3095 in
1001 3036 1114 3108 talibus,

87 3129 186 3206 quanti
205 3136 249 3185 est
268 3137 324 3187 tam
343 3125 505 3202 irreligiosa
524 3122 694 3202 praedicare
706 3125 714 3162 ¹
726 3123 765 3196 ⁶).
813 3120 1069 3186 Abscindendum
1061 3124 1117 3200 rgi-

86 3223 134 3272 tor
153 3213 210 3273 tale
228 3213 342 3282 vulnus,
366 3230 421 3290 quo
440 3229 497 3270 non
516 3230 600 3269 unum
619 3207 773 3270 membrum
791 3207 928 3280 laeditur,
953 3208 1003 3268 sed
1027 3219 1117 3268 totum

87 3317 194 3378 corpus
213 3298 357 3363 ecclcsiae
375 3296 521 3356 saucietur
535 3296 594 3368 ¹⁷),
614 3306 699 3374 atque
718 3293 813 3355 divina
832 3295 989 3375 opitulante
1008 3297 1115 3374 pietate

86 3382 305 3462 providendum,
316 3394 347 3442 nt
357 3383 507 3462 amputatis
517 3379 739 3441 dissensionibus
751 3380 822 3440 fides
830 3381 1117 3440 catholicainviolata

86 3479 233 3540 servetur,
258 3470 368 3541 ethis,
393 3469 440 3548 qui
462 3485 550 3545 prava
573 3465 742 3540 defendunt,
772 3467 807 3526 ab
832 3486 932 3526 errore
960 3469 1115 3539 revocatis,
1166 3533 1168 3538 ,

88 3567 188 3614 nostra
206 3557 389 3626 auctoritate,
410 3572 528 3632 quornm
546 3551 618 3614 lides
635 3553 756 3632 probata
774 3555 869 3623 fuerit,
885 3555 1114 3628 muniantur18).

87 3699 259 3712 -ι-

127 3775 161 3826 ta)
172 3773 199 3815 L
214 3777 235 3816 t.
250 3773 278 3816 de
292 3773 356 3828 bapt.
370 3775 432 3814 cont.
442 3771 528 3814 Donat.
538 3773 598 3821 c..,b
608 3771 657 3814 etl.
668 3775 688 3814 ⁵.
700 3785 719 3814 c.
735 3773 809 3815 26.-
821 3769 894 3822 lats
910 3770 1014 3824 coelest,
1029 3785 1067 3826 ep
1081 3773 1106 3814 to

88 3836 110 3866 n.
124 3823 145 3866 2.
153 3776 245 3918 laquel,
245 3825 369 3867 Goust—
383 3821 459 3876 tt)S
474 3821 578 3866 coelest
594 3836 632 3866 e.
646 3825 679 3866 21.
698 3823 728 3866 ed
741 3823 866 3878 episcopos
881 3802 1062 3868 (talliarum-
1037 3826 1114 3877 -ltt

89 3873 429 3982 trasmittere
439 3854 847 3980 ;,.¹lt.⁸r1⁰.tt.tt·0⁰-t›¹i.t··²
823 3877 892 3930 Ῥ
903 3874 1013 3930 ΡΡΡΡΡΡ
1025 3878 1056 3918 ¹¹
1068 3874 1114 3928 ⁰''
