<?xml version="1.0" encoding="UTF-8"?>
<!DOCTYPE html PUBLIC "-//W3C//DTD XHTML 1.0 Transitional//EN"
    "http://www.w3.org/TR/xhtml1/DTD/xhtml1-transitional.dtd">
<html xmlns="http://www.w3.org/1999/xhtml" xml:lang="en" lang="en">
 <head>
  <title>
</title>
<meta http-equiv="Content-Type" content="text/html;charset=utf-8" />
  <meta name='ocr-system' content='tesseract 3.04.00' />
  <meta name='ocr-capabilities' content='ocr_page ocr_carea ocr_par ocr_line ocrx_word'/>
</head>
<body>
  <div class='ocr_page' id='page_1' title='image "./canonesetdecret00stergoog_0035.png"; bbox 0 0 2652 4330; ppageno 0'>
   <div class='ocr_carea' id='block_1_1' title="bbox 215 194 1003 259">
    <p class='ocr_par' dir='ltr' id='par_1_1' title="bbox 215 194 1003 259">
     <span class='ocr_line' id='line_1_1' title="bbox 215 194 1003 259; baseline -0.009 0"><span class='ocrx_word' id='word_1_1' title='bbox 215 199 268 259; x_wconf 74' lang='lat' dir='ltr'><em>u</em></span> <span class='ocrx_word' id='word_1_2' title='bbox 453 194 679 254; x_wconf 76' lang='lat' dir='ltr'><strong>susslov.</strong></span> <span class='ocrx_word' id='word_1_3' title='bbox 713 195 773 248; x_wconf 83' lang='lat' dir='ltr'><strong>DE</strong></span> <span class='ocrx_word' id='word_1_4' title='bbox 795 195 1003 252; x_wconf 74' lang='lat' dir='ltr'><strong>Burnum.</strong></span> 
     </span>
    </p>
   </div>
   <div class='ocr_carea' id='block_1_2' title="bbox 215 333 1252 588">
    <p class='ocr_par' dir='ltr' id='par_1_2' title="bbox 215 333 1252 588">
     <span class='ocr_line' id='line_1_2' title="bbox 215 333 1252 416; baseline 0.003 -19"><span class='ocrx_word' id='word_1_5' title='bbox 215 338 324 409; x_wconf 91' lang='lat' dir='ltr'><strong>litanis,</strong></span> <span class='ocrx_word' id='word_1_6' title='bbox 352 338 380 395; x_wconf 90' lang='lat' dir='ltr'><strong>in</strong></span> <span class='ocrx_word' id='word_1_7' title='bbox 399 355 517 416; x_wconf 86' lang='lat' dir='ltr'><strong>quornm</strong></span> <span class='ocrx_word' id='word_1_8' title='bbox 539 336 696 416; x_wconf 86' lang='lat' dir='ltr'><strong>provinciis</strong></span> <span class='ocrx_word' id='word_1_9' title='bbox 714 333 866 396; x_wconf 72' lang='lat' dir='ltr'><strong>dioeceses</strong></span> <span class='ocrx_word' id='word_1_10' title='bbox 884 337 963 416; x_wconf 88' lang='lat' dir='ltr'><strong>ipsae</strong></span> <span class='ocrx_word' id='word_1_11' title='bbox 982 347 1054 397; x_wconf 80' lang='lat' dir='ltr'><strong>sutae</strong></span> <span class='ocrx_word' id='word_1_12' title='bbox 1073 349 1152 411; x_wconf 87' lang='lat' dir='ltr'><strong>sunt,</strong></span> <span class='ocrx_word' id='word_1_13' title='bbox 1180 348 1252 400; x_wconf 88' lang='lat' dir='ltr'><strong>tan·</strong></span> 
     </span>
     <span class='ocr_line' id='line_1_3' title="bbox 215 418 1250 502; baseline 0.004 -21"><span class='ocrx_word' id='word_1_14' title='bbox 215 442 297 502; x_wconf 87' lang='lat' dir='ltr'><strong>quam</strong></span> <span class='ocrx_word' id='word_1_15' title='bbox 317 421 410 501; x_wconf 87' lang='lat' dir='ltr'><strong>quoad</strong></span> <span class='ocrx_word' id='word_1_16' title='bbox 430 422 485 482; x_wconf 88' lang='lat' dir='ltr'><strong>hoc</strong></span> <span class='ocrx_word' id='word_1_17' title='bbox 504 421 780 501; x_wconf 87' lang='lat' dir='ltr'><strong>sedisapostolicae</strong></span> <span class='ocrx_word' id='word_1_18' title='bbox 798 418 1174 502; x_wconf 76' lang='lat' dir='ltr'><strong>delegatiscompellantur3</strong></span> <span class='ocrx_word' id='word_1_19' title='bbox 1193 445 1250 485; x_wconf 92' lang='lat' dir='ltr'><strong>ne·</strong></span> 
     </span>
     <span class='ocr_line' id='line_1_4' title="bbox 215 504 1249 588; baseline 0.003 -21"><span class='ocrx_word' id='word_1_20' title='bbox 215 527 270 586; x_wconf 86' lang='lat' dir='ltr'><strong>que</strong></span> <span class='ocrx_word' id='word_1_21' title='bbox 288 508 371 566; x_wconf 86' lang='lat' dir='ltr'><strong>huius</strong></span> <span class='ocrx_word' id='word_1_22' title='bbox 389 505 501 566; x_wconf 80' lang='lat' dir='ltr'><strong>decreti</strong></span> <span class='ocrx_word' id='word_1_23' title='bbox 519 507 735 566; x_wconf 78' lang='lat' dir='ltr'><strong>exsecutionem</strong></span> <span class='ocrx_word' id='word_1_24' title='bbox 750 504 938 578; x_wconf 84' lang='lat' dir='ltr'><strong>consuetudo,</strong></span> <span class='ocrx_word' id='word_1_25' title='bbox 956 507 1002 567; x_wconf 86' lang='lat' dir='ltr'><strong>vel</strong></span> <span class='ocrx_word' id='word_1_26' title='bbox 1021 509 1175 588; x_wconf 82' lang='lat' dir='ltr'><strong>exemptio,</strong></span> <span class='ocrx_word' id='word_1_27' title='bbox 1195 521 1249 570; x_wconf 87' lang='lat' dir='ltr'><strong>aut</strong></span> 
     </span>
    </p>
   </div>
   <div class='ocr_carea' id='block_1_3' title="bbox 165 590 1318 3570">
    <p class='ocr_par' dir='ltr' id='par_1_3' title="bbox 165 590 1318 3570">
     <span class='ocr_line' id='line_1_5' title="bbox 215 590 1252 676; baseline 0.003 -25"><span class='ocrx_word' id='word_1_28' title='bbox 215 592 385 673; x_wconf 83' lang='lat' dir='ltr'><strong>appellatio,</strong></span> <span class='ocrx_word' id='word_1_29' title='bbox 405 602 455 651; x_wconf 90' lang='lat' dir='ltr'><strong>aut</strong></span> <span class='ocrx_word' id='word_1_30' title='bbox 472 591 640 651; x_wconf 85' lang='lat' dir='ltr'><strong>reclamatio</strong></span> <span class='ocrx_word' id='word_1_31' title='bbox 658 592 720 650; x_wconf 87' lang='lat' dir='ltr'><strong>sive</strong></span> <span class='ocrx_word' id='word_1_32' title='bbox 738 610 872 651; x_wconf 90' lang='lat' dir='ltr'><strong>recursus</strong></span> <span class='ocrx_word' id='word_1_33' title='bbox 890 590 1030 671; x_wconf 87' lang='lat' dir='ltr'><strong>impedire</strong></span> <span class='ocrx_word' id='word_1_34' title='bbox 1047 593 1153 664; x_wconf 87' lang='lat' dir='ltr'><strong>valeat,</strong></span> <span class='ocrx_word' id='word_1_35' title='bbox 1173 614 1252 676; x_wconf 87' lang='lat' dir='ltr'><strong>quo·</strong></span> 
     </span>
     <span class='ocr_line' id='line_1_6' title="bbox 214 675 1249 758; baseline 0.003 -22"><span class='ocrx_word' id='word_1_36' title='bbox 214 695 303 758; x_wconf 84' lang='lat' dir='ltr'><strong>usque</strong></span> <span class='ocrx_word' id='word_1_37' title='bbox 322 677 447 756; x_wconf 79' lang='lat' dir='ltr'><strong>desuper</strong></span> <span class='ocrx_word' id='word_1_38' title='bbox 465 696 482 737; x_wconf 91' lang='lat' dir='ltr'><strong>a</strong></span> <span class='ocrx_word' id='word_1_39' title='bbox 500 679 676 756; x_wconf 85' lang='lat' dir='ltr'><strong>competenti</strong></span> <span class='ocrx_word' id='word_1_40' title='bbox 693 675 805 749; x_wconf 87' lang='lat' dir='ltr'><strong>iudice,</strong></span> <span class='ocrx_word' id='word_1_41' title='bbox 832 676 880 755; x_wconf 86' lang='lat' dir='ltr'><strong>qui</strong></span> <span class='ocrx_word' id='word_1_42' title='bbox 902 679 1054 738; x_wconf 85' lang='lat' dir='ltr'><strong>summarie</strong></span> <span class='ocrx_word' id='word_1_43' title='bbox 1072 688 1102 738; x_wconf 88' lang='lat' dir='ltr'><strong>et</strong></span> <span class='ocrx_word' id='word_1_44' title='bbox 1120 679 1182 738; x_wconf 87' lang='lat' dir='ltr'><strong>sola</strong></span> <span class='ocrx_word' id='word_1_45' title='bbox 1200 681 1249 739; x_wconf 82' lang='lat' dir='ltr'><strong>fa-</strong></span> 
     </span>
     <span class='ocr_line' id='line_1_7' title="bbox 215 759 1246 841; baseline 0.001 -19"><span class='ocrx_word' id='word_1_46' title='bbox 215 766 254 822; x_wconf 89' lang='lat' dir='ltr'><strong>cti</strong></span> <span class='ocrx_word' id='word_1_47' title='bbox 281 765 404 823; x_wconf 80' lang='lat' dir='ltr'><strong>veritate</strong></span> <span class='ocrx_word' id='word_1_48' title='bbox 431 763 562 841; x_wconf 82' lang='lat' dir='ltr'><strong>inspecta</strong></span> <span class='ocrx_word' id='word_1_49' title='bbox 588 759 743 840; x_wconf 84' lang='lat' dir='ltr'><strong>procedat,</strong></span> <span class='ocrx_word' id='word_1_50' title='bbox 771 762 916 840; x_wconf 83' lang='lat' dir='ltr'><strong>cognitum</strong></span> <span class='ocrx_word' id='word_1_51' title='bbox 943 772 974 822; x_wconf 91' lang='lat' dir='ltr'><strong>et</strong></span> <span class='ocrx_word' id='word_1_52' title='bbox 995 761 1122 823; x_wconf 88' lang='lat' dir='ltr'><strong>decisum</strong></span> <span class='ocrx_word' id='word_1_53' title='bbox 1144 764 1246 823; x_wconf 84' lang='lat' dir='ltr'><strong>luerit.</strong></span> 
     </span>
     <span class='ocr_line' id='line_1_8' title="bbox 214 844 1249 927; baseline 0.002 -21"><span class='ocrx_word' id='word_1_54' title='bbox 214 848 373 926; x_wconf 81' lang='lat' dir='ltr'><strong>lingulares</strong></span> <span class='ocrx_word' id='word_1_55' title='bbox 395 865 466 906; x_wconf 89' lang='lat' dir='ltr'><strong>vero</strong></span> <span class='ocrx_word' id='word_1_56' title='bbox 489 847 681 925; x_wconf 88' lang='lat' dir='ltr'><strong>cuiuscunque</strong></span> <span class='ocrx_word' id='word_1_57' title='bbox 704 844 829 918; x_wconf 84' lang='lat' dir='ltr'><strong>ordinis,</strong></span> <span class='ocrx_word' id='word_1_58' title='bbox 855 847 911 906; x_wconf 86' lang='lat' dir='ltr'><strong>nisi</strong></span> <span class='ocrx_word' id='word_1_59' title='bbox 932 867 949 907; x_wconf 87' lang='lat' dir='ltr'><strong>n</strong></span> <span class='ocrx_word' id='word_1_60' title='bbox 972 849 1031 907; x_wconf 88' lang='lat' dir='ltr'><strong>suis</strong></span> <span class='ocrx_word' id='word_1_61' title='bbox 1048 849 1249 927; x_wconf 85' lang='lat' dir='ltr'><strong>superioribus</strong></span> 
     </span>
     <span class='ocr_line' id='line_1_9' title="bbox 215 930 1246 1012; baseline 0 -20"><span class='ocrx_word' id='word_1_62' title='bbox 215 930 251 993; x_wconf 91' lang='lat' dir='ltr'><strong>de</strong></span> <span class='ocrx_word' id='word_1_63' title='bbox 272 935 346 1004; x_wconf 86' lang='lat' dir='ltr'><strong>vita,</strong></span> <span class='ocrx_word' id='word_1_64' title='bbox 373 930 501 991; x_wconf 85' lang='lat' dir='ltr'><strong>moribus</strong></span> <span class='ocrx_word' id='word_1_65' title='bbox 524 941 555 990; x_wconf 93' lang='lat' dir='ltr'><strong>et</strong></span> <span class='ocrx_word' id='word_1_66' title='bbox 577 932 699 990; x_wconf 89' lang='lat' dir='ltr'><strong>scientia</strong></span> <span class='ocrx_word' id='word_1_67' title='bbox 723 933 878 992; x_wconf 84' lang='lat' dir='ltr'><strong>examinati</strong></span> <span class='ocrx_word' id='word_1_68' title='bbox 900 943 931 993; x_wconf 91' lang='lat' dir='ltr'><strong>et</strong></span> <span class='ocrx_word' id='word_1_69' title='bbox 952 933 1104 1012; x_wconf 76' lang='lat' dir='ltr'><strong>approbati</strong></span> <span class='ocrx_word' id='word_1_70' title='bbox 1126 935 1246 1005; x_wconf 83' lang='lat' dir='ltr'><strong>luerint,</strong></span> 
     </span>
     <span class='ocr_line' id='line_1_10' title="bbox 214 1016 1247 1098; baseline 0.001 -20"><span class='ocrx_word' id='word_1_71' title='bbox 214 1039 248 1078; x_wconf 90' lang='lat' dir='ltr'><strong>ac</strong></span> <span class='ocrx_word' id='word_1_72' title='bbox 268 1017 305 1077; x_wconf 90' lang='lat' dir='ltr'><strong>de</strong></span> <span class='ocrx_word' id='word_1_73' title='bbox 324 1037 422 1078; x_wconf 91' lang='lat' dir='ltr'><strong>eorum</strong></span> <span class='ocrx_word' id='word_1_74' title='bbox 441 1017 569 1088; x_wconf 90' lang='lat' dir='ltr'><strong>licentia,</strong></span> <span class='ocrx_word' id='word_1_75' title='bbox 588 1018 674 1077; x_wconf 89' lang='lat' dir='ltr'><strong>etiam</strong></span> <span class='ocrx_word' id='word_1_76' title='bbox 692 1018 722 1082; x_wconf 88' lang='lat' dir='ltr'><strong>in</strong></span> <span class='ocrx_word' id='word_1_77' title='bbox 740 1018 873 1077; x_wconf 89' lang='lat' dir='ltr'><strong>ecelesiis</strong></span> <span class='ocrx_word' id='word_1_78' title='bbox 887 1037 1001 1077; x_wconf 87' lang='lat' dir='ltr'><strong>snorum</strong></span> <span class='ocrx_word' id='word_1_79' title='bbox 1016 1016 1146 1078; x_wconf 86' lang='lat' dir='ltr'><strong>ordinum</strong></span> <span class='ocrx_word' id='word_1_80' title='bbox 1159 1039 1247 1098; x_wconf 86' lang='lat' dir='ltr'><strong>prae·</strong></span> 
     </span>
     <span class='ocr_line' id='line_1_11' title="bbox 215 1103 1247 1182; baseline 0 -19"><span class='ocrx_word' id='word_1_81' title='bbox 215 1104 313 1163; x_wconf 89' lang='lat' dir='ltr'><strong>dicare</strong></span> <span class='ocrx_word' id='word_1_82' title='bbox 336 1103 542 1182; x_wconf 88' lang='lat' dir='ltr'><strong>nonpossint,</strong></span> <span class='ocrx_word' id='word_1_83' title='bbox 571 1121 634 1161; x_wconf 89' lang='lat' dir='ltr'><strong>eum</strong></span> <span class='ocrx_word' id='word_1_84' title='bbox 658 1121 713 1180; x_wconf 85' lang='lat' dir='ltr'><strong>qua</strong></span> <span class='ocrx_word' id='word_1_85' title='bbox 735 1103 853 1164; x_wconf 89' lang='lat' dir='ltr'><strong>licentia</strong></span> <span class='ocrx_word' id='word_1_86' title='bbox 874 1105 1069 1182; x_wconf 86' lang='lat' dir='ltr'><strong>personaliter</strong></span> <span class='ocrx_word' id='word_1_87' title='bbox 1090 1123 1122 1163; x_wconf 91' lang='lat' dir='ltr'><strong>se</strong></span> <span class='ocrx_word' id='word_1_88' title='bbox 1146 1123 1247 1164; x_wconf 89' lang='lat' dir='ltr'><strong>coram</strong></span> 
     </span>
     <span class='ocr_line' id='line_1_12' title="bbox 214 1186 1245 1269; baseline 0 -21"><span class='ocrx_word' id='word_1_89' title='bbox 214 1189 359 1269; x_wconf 89' lang='lat' dir='ltr'><strong>episcopis</strong></span> <span class='ocrx_word' id='word_1_90' title='bbox 376 1197 574 1266; x_wconf 83' lang='lat' dir='ltr'><strong>praesentare,</strong></span> <span class='ocrx_word' id='word_1_91' title='bbox 594 1198 625 1246; x_wconf 85' lang='lat' dir='ltr'><strong>et</strong></span> <span class='ocrx_word' id='word_1_92' title='bbox 641 1187 678 1246; x_wconf 82' lang='lat' dir='ltr'><strong>ab</strong></span> <span class='ocrx_word' id='word_1_93' title='bbox 697 1189 739 1247; x_wconf 89' lang='lat' dir='ltr'><strong>eis</strong></span> <span class='ocrx_word' id='word_1_94' title='bbox 758 1186 989 1248; x_wconf 87' lang='lat' dir='ltr'><strong>benedictionem</strong></span> <span class='ocrx_word' id='word_1_95' title='bbox 1007 1200 1108 1267; x_wconf 88' lang='lat' dir='ltr'><strong>petere</strong></span> <span class='ocrx_word' id='word_1_96' title='bbox 1122 1199 1245 1248; x_wconf 82' lang='lat' dir='ltr'><strong>tenean-</strong></span> 
     </span>
     <span class='ocr_line' id='line_1_13' title="bbox 208 1271 1257 1353; baseline 0.003 -20"><span class='ocrx_word' id='word_1_97' title='bbox 208 1273 274 1346; x_wconf 85' lang='lat' dir='ltr'><strong>tur,</strong></span> <span class='ocrx_word' id='word_1_98' title='bbox 299 1284 451 1353; x_wconf 90' lang='lat' dir='ltr'><strong>antequam</strong></span> <span class='ocrx_word' id='word_1_99' title='bbox 469 1271 642 1353; x_wconf 87' lang='lat' dir='ltr'><strong>praedicare</strong></span> <span class='ocrx_word' id='word_1_100' title='bbox 661 1273 808 1352; x_wconf 82' lang='lat' dir='ltr'><strong>incipiant</strong></span> <span class='ocrx_word' id='word_1_101' title='bbox 855 1272 886 1332; x_wconf 91' lang='lat' dir='ltr'><strong>lu</strong></span> <span class='ocrx_word' id='word_1_102' title='bbox 906 1273 1039 1332; x_wconf 90' lang='lat' dir='ltr'><strong>ecclesiis</strong></span> <span class='ocrx_word' id='word_1_103' title='bbox 1055 1293 1142 1346; x_wconf 86' lang='lat' dir='ltr'><strong>vero,</strong></span> <span class='ocrx_word' id='word_1_104' title='bbox 1170 1293 1257 1353; x_wconf 87' lang='lat' dir='ltr'><strong>quae.</strong></span> 
     </span>
     <span class='ocr_line' id='line_1_14' title="bbox 214 1357 1243 1438; baseline -0.002 -19"><span class='ocrx_word' id='word_1_105' title='bbox 214 1379 328 1419; x_wconf 91' lang='lat' dir='ltr'><strong>snorum</strong></span> <span class='ocrx_word' id='word_1_106' title='bbox 348 1357 477 1418; x_wconf 87' lang='lat' dir='ltr'><strong>ordinum</strong></span> <span class='ocrx_word' id='word_1_107' title='bbox 496 1378 553 1417; x_wconf 90' lang='lat' dir='ltr'><strong>non</strong></span> <span class='ocrx_word' id='word_1_108' title='bbox 571 1368 650 1429; x_wconf 89' lang='lat' dir='ltr'><strong>sunt,</strong></span> <span class='ocrx_word' id='word_1_109' title='bbox 674 1357 750 1417; x_wconf 87' lang='lat' dir='ltr'><strong>ultra</strong></span> <span class='ocrx_word' id='word_1_110' title='bbox 769 1359 913 1418; x_wconf 80' lang='lat' dir='ltr'><strong>licentiam</strong></span> <span class='ocrx_word' id='word_1_111' title='bbox 932 1377 1046 1419; x_wconf 88' lang='lat' dir='ltr'><strong>suorum</strong></span> <span class='ocrx_word' id='word_1_112' title='bbox 1065 1360 1243 1438; x_wconf 84' lang='lat' dir='ltr'><strong>superiorum</strong></span> 
     </span>
     <span class='ocr_line' id='line_1_15' title="bbox 214 1443 1318 1524; baseline -0.001 -20"><span class='ocrx_word' id='word_1_113' title='bbox 214 1447 300 1504; x_wconf 88' lang='lat' dir='ltr'><strong>otiam</strong></span> <span class='ocrx_word' id='word_1_114' title='bbox 324 1444 452 1523; x_wconf 88' lang='lat' dir='ltr'><strong>episcopi</strong></span> <span class='ocrx_word' id='word_1_115' title='bbox 476 1443 620 1503; x_wconf 90' lang='lat' dir='ltr'><strong>licentiani</strong></span> <span class='ocrx_word' id='word_1_116' title='bbox 643 1443 751 1503; x_wconf 82' lang='lat' dir='ltr'><strong>habere</strong></span> <span class='ocrx_word' id='word_1_117' title='bbox 774 1451 941 1514; x_wconf 86' lang='lat' dir='ltr'><strong>teneantur,</strong></span> <span class='ocrx_word' id='word_1_118' title='bbox 969 1446 1030 1503; x_wconf 90' lang='lat' dir='ltr'><strong>sine</strong></span> <span class='ocrx_word' id='word_1_119' title='bbox 1054 1463 1109 1523; x_wconf 86' lang='lat' dir='ltr'><strong>qua</strong></span> <span class='ocrx_word' id='word_1_120' title='bbox 1128 1445 1157 1502; x_wconf 92' lang='lat' dir='ltr'><strong>in</strong></span> <span class='ocrx_word' id='word_1_121' title='bbox 1175 1445 1248 1524; x_wconf 85' lang='lat' dir='ltr'><strong>ipsis</strong></span> <span class='ocrx_word' id='word_1_122' title='bbox 1317 1463 1318 1468; x_wconf 50' lang='lat'>¹</span> 
     </span>
     <span class='ocr_line' id='line_1_16' title="bbox 214 1525 1245 1608; baseline -0.001 -18"><span class='ocrx_word' id='word_1_123' title='bbox 214 1530 347 1591; x_wconf 89' lang='lat' dir='ltr'><strong>ecclesiis</strong></span> <span class='ocrx_word' id='word_1_124' title='bbox 373 1549 432 1587; x_wconf 92' lang='lat' dir='ltr'><strong>non</strong></span> <span class='ocrx_word' id='word_1_125' title='bbox 464 1547 578 1588; x_wconf 90' lang='lat' dir='ltr'><strong>snorum</strong></span> <span class='ocrx_word' id='word_1_126' title='bbox 606 1525 736 1587; x_wconf 92' lang='lat' dir='ltr'><strong>ordinum</strong></span> <span class='ocrx_word' id='word_1_127' title='bbox 764 1529 842 1588; x_wconf 90' lang='lat' dir='ltr'><strong>nullo</strong></span> <span class='ocrx_word' id='word_1_128' title='bbox 866 1529 950 1589; x_wconf 91' lang='lat' dir='ltr'><strong>modo</strong></span> <span class='ocrx_word' id='word_1_129' title='bbox 978 1528 1150 1608; x_wconf 88' lang='lat' dir='ltr'><strong>praedicare</strong></span> <span class='ocrx_word' id='word_1_130' title='bbox 1176 1549 1245 1608; x_wconf 92' lang='lat' dir='ltr'><strong>pos·</strong></span> 
     </span>
     <span class='ocr_line' id='line_1_17' title="bbox 214 1613 1318 1694; baseline 0.004 -20"><span class='ocrx_word' id='word_1_131' title='bbox 214 1617 271 1683; x_wconf 85' lang='lat' dir='ltr'><strong>sint</strong></span> <span class='ocrx_word' id='word_1_132' title='bbox 287 1619 324 1684; x_wconf 84' lang='grc' dir='ltr'><strong>Ι).</strong></span> <span class='ocrx_word' id='word_1_133' title='bbox 374 1613 469 1693; x_wconf 90' lang='lat' dir='ltr'><strong>Ipsam</strong></span> <span class='ocrx_word' id='word_1_134' title='bbox 500 1622 594 1673; x_wconf 88' lang='lat' dir='ltr'><strong>autem</strong></span> <span class='ocrx_word' id='word_1_135' title='bbox 621 1614 768 1674; x_wconf 85' lang='lat' dir='ltr'><strong>licentiam</strong></span> <span class='ocrx_word' id='word_1_136' title='bbox 795 1615 887 1693; x_wconf 81' lang='lat' dir='ltr'><strong>gratis</strong></span> <span class='ocrx_word' id='word_1_137' title='bbox 914 1615 1042 1694; x_wconf 87' lang='lat' dir='ltr'><strong>episcopi</strong></span> <span class='ocrx_word' id='word_1_138' title='bbox 1070 1614 1243 1675; x_wconf 86' lang='lat' dir='ltr'><strong>concedant.</strong></span> <span class='ocrx_word' id='word_1_139' title='bbox 1317 1673 1318 1678; x_wconf 73' lang='grc'>,</span> 
     </span>
     <span class='ocr_line' id='line_1_18' title="bbox 215 1697 1318 1778; baseline 0.001 -19"><span class='ocrx_word' id='word_1_140' title='bbox 215 1699 247 1759; x_wconf 90' lang='lat' dir='ltr'><strong>Si</strong></span> <span class='ocrx_word' id='word_1_141' title='bbox 264 1719 350 1771; x_wconf 89' lang='lat' dir='ltr'><strong>vero,</strong></span> <span class='ocrx_word' id='word_1_142' title='bbox 378 1697 454 1778; x_wconf 89' lang='lat' dir='ltr'><strong>quod</strong></span> <span class='ocrx_word' id='word_1_143' title='bbox 473 1699 562 1771; x_wconf 79' lang='lat' dir='ltr'><strong>absit,</strong></span> <span class='ocrx_word' id='word_1_144' title='bbox 589 1699 776 1778; x_wconf 89' lang='lat' dir='ltr'><strong>praedicator</strong></span> <span class='ocrx_word' id='word_1_145' title='bbox 798 1718 914 1759; x_wconf 90' lang='lat' dir='ltr'><strong>errores</strong></span> <span class='ocrx_word' id='word_1_146' title='bbox 932 1710 982 1760; x_wconf 84' lang='lat' dir='ltr'><strong>aut</strong></span> <span class='ocrx_word' id='word_1_147' title='bbox 998 1698 1136 1759; x_wconf 88' lang='lat' dir='ltr'><strong>scandala</strong></span> <span class='ocrx_word' id='word_1_148' title='bbox 1153 1699 1245 1760; x_wconf 90' lang='lat' dir='ltr'><strong>disse·</strong></span> <span class='ocrx_word' id='word_1_149' title='bbox 1317 1719 1318 1722; x_wconf 69' lang='grc'>’</span> 
     </span>
     <span class='ocr_line' id='line_1_19' title="bbox 214 1784 1318 1864; baseline 0.005 -20"><span class='ocrx_word' id='word_1_150' title='bbox 214 1787 365 1845; x_wconf 86' lang='lat' dir='ltr'><strong>minaverit</strong></span> <span class='ocrx_word' id='word_1_151' title='bbox 382 1785 412 1843; x_wconf 93' lang='lat' dir='ltr'><strong>in</strong></span> <span class='ocrx_word' id='word_1_152' title='bbox 430 1785 578 1864; x_wconf 90' lang='lat' dir='ltr'><strong>populum,</strong></span> <span class='ocrx_word' id='word_1_153' title='bbox 606 1787 718 1845; x_wconf 89' lang='lat' dir='ltr'><strong>etiamsi</strong></span> <span class='ocrx_word' id='word_1_154' title='bbox 741 1786 770 1844; x_wconf 90' lang='lat' dir='ltr'><strong>in</strong></span> <span class='ocrx_word' id='word_1_155' title='bbox 792 1786 967 1845; x_wconf 89' lang='lat' dir='ltr'><strong>monasterio</strong></span> <span class='ocrx_word' id='word_1_156' title='bbox 990 1786 1033 1842; x_wconf 91' lang='lat' dir='ltr'><strong>sui</strong></span> <span class='ocrx_word' id='word_1_157' title='bbox 1054 1784 1101 1845; x_wconf 91' lang='lat' dir='ltr'><strong>vel</strong></span> <span class='ocrx_word' id='word_1_158' title='bbox 1123 1786 1244 1846; x_wconf 86' lang='lat' dir='ltr'><strong>alterius</strong></span> <span class='ocrx_word' id='word_1_159' title='bbox 1317 1797 1318 1850; x_wconf 82' lang='lat' dir='ltr'><strong>l</strong></span> 
     </span>
     <span class='ocr_line' id='line_1_20' title="bbox 214 1865 1318 1950; baseline 0 -20"><span class='ocrx_word' id='word_1_160' title='bbox 214 1871 324 1930; x_wconf 90' lang='lat' dir='ltr'><strong>ordinis</strong></span> <span class='ocrx_word' id='word_1_161' title='bbox 359 1869 523 1950; x_wconf 88' lang='lat' dir='ltr'><strong>praedicet,</strong></span> <span class='ocrx_word' id='word_1_162' title='bbox 556 1871 708 1950; x_wconf 89' lang='lat' dir='ltr'><strong>episcopus</strong></span> <span class='ocrx_word' id='word_1_163' title='bbox 739 1873 767 1931; x_wconf 91' lang='lat' dir='ltr'><strong>ei</strong></span> <span class='ocrx_word' id='word_1_164' title='bbox 797 1870 1042 1950; x_wconf 78' lang='lat' dir='ltr'><strong>praedicationem</strong></span> <span class='ocrx_word' id='word_1_165' title='bbox 1078 1869 1242 1930; x_wconf 87' lang='lat' dir='ltr'><strong>interdicat.</strong></span> <span class='ocrx_word' id='word_1_166' title='bbox 1317 1865 1318 1870; x_wconf 62' lang='grc'>’</span> 
     </span>
     <span class='ocr_line' id='line_1_21' title="bbox 214 1955 1245 2036; baseline 0 -20"><span class='ocrx_word' id='word_1_167' title='bbox 214 1956 296 2031; x_wconf 80' lang='lat' dir='ltr'><strong>Quod</strong></span> <span class='ocrx_word' id='word_1_168' title='bbox 320 1959 345 2016; x_wconf 90' lang='lat' dir='ltr'><strong>si</strong></span> <span class='ocrx_word' id='word_1_169' title='bbox 367 1957 504 2016; x_wconf 86' lang='lat' dir='ltr'><strong>haereses</strong></span> <span class='ocrx_word' id='word_1_170' title='bbox 526 1955 754 2036; x_wconf 83' lang='lat' dir='ltr'><strong>praedicaverit,</strong></span> <span class='ocrx_word' id='word_1_171' title='bbox 784 1966 886 2016; x_wconf 85' lang='lat' dir='ltr'><strong>contra</strong></span> <span class='ocrx_word' id='word_1_172' title='bbox 908 1975 973 2016; x_wconf 89' lang='lat' dir='ltr'><strong>enm</strong></span> <span class='ocrx_word' id='word_1_173' title='bbox 995 1955 1150 2015; x_wconf 89' lang='lat' dir='ltr'><strong>secundum</strong></span> <span class='ocrx_word' id='word_1_174' title='bbox 1174 1957 1245 2017; x_wconf 89' lang='lat' dir='ltr'><strong>iuris</strong></span> 
     </span>
     <span class='ocr_line' id='line_1_22' title="bbox 214 2039 1244 2122; baseline 0.001 -22"><span class='ocrx_word' id='word_1_175' title='bbox 214 2041 430 2122; x_wconf 88' lang='lat' dir='ltr'><strong>dispositionem</strong></span> <span class='ocrx_word' id='word_1_176' title='bbox 450 2051 499 2100; x_wconf 87' lang='lat' dir='ltr'><strong>aut</strong></span> <span class='ocrx_word' id='word_1_177' title='bbox 517 2041 574 2100; x_wconf 91' lang='lat' dir='ltr'><strong>loci</strong></span> <span class='ocrx_word' id='word_1_178' title='bbox 594 2040 831 2101; x_wconf 84' lang='lat' dir='ltr'><strong>consuetudinem</strong></span> <span class='ocrx_word' id='word_1_179' title='bbox 849 2039 1005 2120; x_wconf 85' lang='lat' dir='ltr'><strong>procedat,</strong></span> <span class='ocrx_word' id='word_1_180' title='bbox 1029 2042 1140 2101; x_wconf 88' lang='lat' dir='ltr'><strong>etiamsi</strong></span> <span class='ocrx_word' id='word_1_181' title='bbox 1158 2061 1244 2121; x_wconf 82' lang='lat' dir='ltr'><strong>prae·</strong></span> 
     </span>
     <span class='ocr_line' id='line_1_23' title="bbox 214 2125 1243 2207; baseline 0.002 -22"><span class='ocrx_word' id='word_1_182' title='bbox 214 2126 329 2187; x_wconf 84' lang='lat' dir='ltr'><strong>dicator</strong></span> <span class='ocrx_word' id='word_1_183' title='bbox 345 2129 407 2207; x_wconf 89' lang='lat' dir='ltr'><strong>ipse</strong></span> <span class='ocrx_word' id='word_1_184' title='bbox 427 2126 555 2205; x_wconf 84' lang='lat' dir='ltr'><strong>generali</strong></span> <span class='ocrx_word' id='word_1_185' title='bbox 574 2125 621 2184; x_wconf 90' lang='lat' dir='ltr'><strong>vel</strong></span> <span class='ocrx_word' id='word_1_186' title='bbox 640 2127 758 2204; x_wconf 84' lang='lat' dir='ltr'><strong>speciali</strong></span> <span class='ocrx_word' id='word_1_187' title='bbox 776 2127 928 2206; x_wconf 78' lang='lat' dir='ltr'><strong>privilegio</strong></span> <span class='ocrx_word' id='word_1_188' title='bbox 947 2137 1108 2206; x_wconf 82' lang='lat' dir='ltr'><strong>exemptum</strong></span> <span class='ocrx_word' id='word_1_189' title='bbox 1127 2145 1158 2186; x_wconf 92' lang='lat' dir='ltr'><strong>se</strong></span> <span class='ocrx_word' id='word_1_190' title='bbox 1178 2147 1243 2187; x_wconf 89' lang='lat' dir='ltr'><strong>esso</strong></span> 
     </span>
     <span class='ocr_line' id='line_1_24' title="bbox 213 2211 1244 2292; baseline 0 -21"><span class='ocrx_word' id='word_1_191' title='bbox 213 2211 435 2292; x_wconf 61' lang='lat' dir='ltr'><strong>praetenderem</strong></span> <span class='ocrx_word' id='word_1_192' title='bbox 467 2231 522 2291; x_wconf 90' lang='lat' dir='ltr'><strong>quo</strong></span> <span class='ocrx_word' id='word_1_193' title='bbox 550 2229 618 2269; x_wconf 92' lang='lat' dir='ltr'><strong>casu</strong></span> <span class='ocrx_word' id='word_1_194' title='bbox 646 2212 798 2290; x_wconf 87' lang='lat' dir='ltr'><strong>episcopus</strong></span> <span class='ocrx_word' id='word_1_195' title='bbox 825 2213 998 2272; x_wconf 88' lang='lat' dir='ltr'><strong>auctoritate</strong></span> <span class='ocrx_word' id='word_1_196' title='bbox 1026 2213 1186 2291; x_wconf 85' lang='lat' dir='ltr'><strong>apostolica</strong></span> <span class='ocrx_word' id='word_1_197' title='bbox 1213 2223 1244 2272; x_wconf 87' lang='lat' dir='ltr'><strong>et</strong></span> 
     </span>
     <span class='ocr_line' id='line_1_25' title="bbox 213 2294 1243 2378; baseline -0.001 -21"><span class='ocrx_word' id='word_1_198' title='bbox 213 2307 346 2378; x_wconf 79' lang='lat' dir='ltr'><strong>tanquam</strong></span> <span class='ocrx_word' id='word_1_199' title='bbox 364 2296 442 2356; x_wconf 91' lang='lat' dir='ltr'><strong>sedis</strong></span> <span class='ocrx_word' id='word_1_200' title='bbox 460 2295 638 2374; x_wconf 86' lang='lat' dir='ltr'><strong>apostolicae</strong></span> <span class='ocrx_word' id='word_1_201' title='bbox 657 2294 807 2375; x_wconf 82' lang='lat' dir='ltr'><strong>delegatus</strong></span> <span class='ocrx_word' id='word_1_202' title='bbox 825 2297 975 2377; x_wconf 88' lang='lat' dir='ltr'><strong>procedat.</strong></span> <span class='ocrx_word' id='word_1_203' title='bbox 1022 2297 1131 2356; x_wconf 87' lang='lat' dir='ltr'><strong>Curent</strong></span> <span class='ocrx_word' id='word_1_204' title='bbox 1148 2307 1243 2358; x_wconf 82' lang='lat' dir='ltr'><strong>antem</strong></span> 
     </span>
     <span class='ocr_line' id='line_1_26' title="bbox 214 2379 1241 2463; baseline -0.002 -20"><span class='ocrx_word' id='word_1_205' title='bbox 214 2384 357 2463; x_wconf 89' lang='lat' dir='ltr'><strong>episcopi,</strong></span> <span class='ocrx_word' id='word_1_206' title='bbox 385 2400 421 2439; x_wconf 90' lang='lat' dir='ltr'><strong>ne</strong></span> <span class='ocrx_word' id='word_1_207' title='bbox 449 2381 510 2459; x_wconf 91' lang='lat' dir='ltr'><strong>quis</strong></span> <span class='ocrx_word' id='word_1_208' title='bbox 528 2379 713 2458; x_wconf 88' lang='lat' dir='ltr'><strong>praedicator</strong></span> <span class='ocrx_word' id='word_1_209' title='bbox 738 2382 784 2442; x_wconf 87' lang='lat' dir='ltr'><strong>vel</strong></span> <span class='ocrx_word' id='word_1_210' title='bbox 812 2402 849 2442; x_wconf 87' lang='lat' dir='ltr'><strong>ex</strong></span> <span class='ocrx_word' id='word_1_211' title='bbox 873 2383 955 2443; x_wconf 77' lang='lat' dir='ltr'><strong>salsis</strong></span> <span class='ocrx_word' id='word_1_212' title='bbox 981 2383 1241 2455; x_wconf 83' lang='lat' dir='ltr'><strong>informationibus,</strong></span> 
     </span>
     <span class='ocr_line' id='line_1_27' title="bbox 211 2465 1242 2547; baseline -0.002 -19"><span class='ocrx_word' id='word_1_213' title='bbox 211 2469 259 2528; x_wconf 88' lang='lat' dir='ltr'><strong>vel</strong></span> <span class='ocrx_word' id='word_1_214' title='bbox 285 2469 357 2526; x_wconf 88' lang='lat' dir='ltr'><strong>alias</strong></span> <span class='ocrx_word' id='word_1_215' title='bbox 385 2465 559 2525; x_wconf 83' lang='lat' dir='ltr'><strong>calumniose</strong></span> <span class='ocrx_word' id='word_1_216' title='bbox 586 2476 720 2538; x_wconf 90' lang='lat' dir='ltr'><strong>vexetur,</strong></span> <span class='ocrx_word' id='word_1_217' title='bbox 748 2468 885 2528; x_wconf 86' lang='lat' dir='ltr'><strong>iustamve</strong></span> <span class='ocrx_word' id='word_1_218' title='bbox 913 2466 948 2528; x_wconf 89' lang='lat' dir='ltr'><strong>de</strong></span> <span class='ocrx_word' id='word_1_219' title='bbox 976 2470 1018 2528; x_wconf 91' lang='lat' dir='ltr'><strong>eis</strong></span> <span class='ocrx_word' id='word_1_220' title='bbox 1045 2467 1242 2547; x_wconf 78' lang='lat' dir='ltr'><strong>conquerendi</strong></span> 
     </span>
     <span class='ocr_line' id='line_1_28' title="bbox 213 2551 1243 2634; baseline -0.001 -21"><span class='ocrx_word' id='word_1_221' title='bbox 213 2553 397 2613; x_wconf 90' lang='lat' dir='ltr'><strong>occasionem</strong></span> <span class='ocrx_word' id='word_1_222' title='bbox 415 2551 529 2610; x_wconf 76' lang='lat' dir='ltr'><strong>habeat</strong></span> <span class='ocrx_word' id='word_1_223' title='bbox 575 2551 702 2610; x_wconf 88' lang='lat' dir='ltr'><strong>Caveant</strong></span> <span class='ocrx_word' id='word_1_224' title='bbox 719 2563 873 2632; x_wconf 86' lang='lat' dir='ltr'><strong>praeterea</strong></span> <span class='ocrx_word' id='word_1_225' title='bbox 896 2554 1038 2634; x_wconf 89' lang='lat' dir='ltr'><strong>episcopi,</strong></span> <span class='ocrx_word' id='word_1_226' title='bbox 1065 2572 1101 2612; x_wconf 88' lang='lat' dir='ltr'><strong>no</strong></span> <span class='ocrx_word' id='word_1_227' title='bbox 1119 2554 1243 2632; x_wconf 89' lang='lat' dir='ltr'><strong>aliquem</strong></span> 
     </span>
     <span class='ocr_line' id='line_1_29' title="bbox 178 2637 1242 2718; baseline 0.001 -21"><span class='ocrx_word' id='word_1_228' title='bbox 178 2639 258 2706; x_wconf 62' lang='lat' dir='ltr'><strong>„vel</strong></span> <span class='ocrx_word' id='word_1_229' title='bbox 277 2656 391 2706; x_wconf 89' lang='lat' dir='ltr'><strong>eorum,</strong></span> <span class='ocrx_word' id='word_1_230' title='bbox 420 2637 480 2715; x_wconf 89' lang='lat' dir='ltr'><strong>qni,</strong></span> <span class='ocrx_word' id='word_1_231' title='bbox 509 2654 591 2714; x_wconf 90' lang='lat' dir='ltr'><strong>quum</strong></span> <span class='ocrx_word' id='word_1_232' title='bbox 614 2637 671 2695; x_wconf 87' lang='lat' dir='ltr'><strong>sint</strong></span> <span class='ocrx_word' id='word_1_233' title='bbox 693 2640 806 2697; x_wconf 90' lang='lat' dir='ltr'><strong>nomine</strong></span> <span class='ocrx_word' id='word_1_234' title='bbox 825 2641 987 2718; x_wconf 82' lang='lat' dir='ltr'><strong>regulares,</strong></span> <span class='ocrx_word' id='word_1_235' title='bbox 1015 2649 1099 2699; x_wconf 88' lang='lat' dir='ltr'><strong>extra</strong></span> <span class='ocrx_word' id='word_1_236' title='bbox 1117 2639 1242 2698; x_wconf 88' lang='lat' dir='ltr'><strong>claustra</strong></span> 
     </span>
     <span class='ocr_line' id='line_1_30' title="bbox 214 2719 1242 2803; baseline 0 -21"><span class='ocrx_word' id='word_1_237' title='bbox 214 2734 309 2782; x_wconf 89' lang='lat' dir='ltr'><strong>tamen</strong></span> <span class='ocrx_word' id='word_1_238' title='bbox 333 2730 364 2780; x_wconf 89' lang='lat' dir='ltr'><strong>et</strong></span> <span class='ocrx_word' id='word_1_239' title='bbox 386 2719 578 2780; x_wconf 84' lang='lat' dir='ltr'><strong>obedientiam</strong></span> <span class='ocrx_word' id='word_1_240' title='bbox 596 2723 767 2800; x_wconf 80' lang='lat' dir='ltr'><strong>religionum</strong></span> <span class='ocrx_word' id='word_1_241' title='bbox 786 2742 899 2785; x_wconf 90' lang='lat' dir='ltr'><strong>suarum</strong></span> <span class='ocrx_word' id='word_1_242' title='bbox 917 2727 1027 2796; x_wconf 88' lang='lat' dir='ltr'><strong>vivunt,</strong></span> <span class='ocrx_word' id='word_1_243' title='bbox 1053 2725 1100 2783; x_wconf 88' lang='lat' dir='ltr'><strong>vel</strong></span> <span class='ocrx_word' id='word_1_244' title='bbox 1119 2723 1242 2803; x_wconf 70' lang='lat' dir='ltr'><strong>presby-</strong></span> 
     </span>
     <span class='ocr_line' id='line_1_31' title="bbox 212 2807 1242 2887; baseline 0.001 -20"><span class='ocrx_word' id='word_1_245' title='bbox 212 2818 340 2868; x_wconf 88' lang='lat' dir='ltr'><strong>terorum</strong></span> <span class='ocrx_word' id='word_1_246' title='bbox 359 2807 558 2878; x_wconf 85' lang='lat' dir='ltr'><strong>saecularium,</strong></span> <span class='ocrx_word' id='word_1_247' title='bbox 577 2808 631 2866; x_wconf 90' lang='lat' dir='ltr'><strong>nisi</strong></span> <span class='ocrx_word' id='word_1_248' title='bbox 649 2808 718 2886; x_wconf 88' lang='lat' dir='ltr'><strong>ipsis</strong></span> <span class='ocrx_word' id='word_1_249' title='bbox 736 2811 797 2868; x_wconf 93' lang='lat' dir='ltr'><strong>noti</strong></span> <span class='ocrx_word' id='word_1_250' title='bbox 816 2811 880 2884; x_wconf 86' lang='lat' dir='ltr'><strong>sint,</strong></span> <span class='ocrx_word' id='word_1_251' title='bbox 901 2821 930 2869; x_wconf 90' lang='lat' dir='ltr'><strong>et</strong></span> <span class='ocrx_word' id='word_1_252' title='bbox 948 2810 1073 2870; x_wconf 84' lang='lat' dir='ltr'><strong>moribus</strong></span> <span class='ocrx_word' id='word_1_253' title='bbox 1087 2819 1174 2887; x_wconf 89' lang='lat' dir='ltr'><strong>atque</strong></span> <span class='ocrx_word' id='word_1_254' title='bbox 1189 2808 1242 2868; x_wconf 92' lang='lat' dir='ltr'><strong>do·</strong></span> 
     </span>
     <span class='ocr_line' id='line_1_32' title="bbox 213 2891 1242 2974; baseline -0.001 -21"><span class='ocrx_word' id='word_1_255' title='bbox 213 2894 306 2953; x_wconf 84' lang='lat' dir='ltr'><strong>ctrina</strong></span> <span class='ocrx_word' id='word_1_256' title='bbox 323 2891 452 2973; x_wconf 86' lang='lat' dir='ltr'><strong>probati,</strong></span> <span class='ocrx_word' id='word_1_257' title='bbox 469 2893 567 2952; x_wconf 81' lang='lat' dir='ltr'><strong>&#39;etiam</strong></span> <span class='ocrx_word' id='word_1_258' title='bbox 591 2893 781 2971; x_wconf 87' lang='lat' dir='ltr'><strong>quorumlibet</strong></span> <span class='ocrx_word' id='word_1_259' title='bbox 802 2895 1016 2974; x_wconf 82' lang='lat' dir='ltr'><strong>privilegiorum</strong></span> <span class='ocrx_word' id='word_1_260' title='bbox 1040 2904 1194 2974; x_wconf 85' lang='lat' dir='ltr'><strong>praetextu</strong></span> <span class='ocrx_word' id='word_1_261' title='bbox 1212 2897 1242 2952; x_wconf 89' lang='lat' dir='ltr'><strong>in</strong></span> 
     </span>
     <span class='ocr_line' id='line_1_33' title="bbox 213 2976 1242 3060; baseline 0.001 -22"><span class='ocrx_word' id='word_1_262' title='bbox 213 2999 263 3039; x_wconf 90' lang='lat' dir='ltr'><strong>sna</strong></span> <span class='ocrx_word' id='word_1_263' title='bbox 282 2980 398 3039; x_wconf 85' lang='lat' dir='ltr'><strong>civitate</strong></span> <span class='ocrx_word' id='word_1_264' title='bbox 416 2977 462 3038; x_wconf 87' lang='lat' dir='ltr'><strong>vel</strong></span> <span class='ocrx_word' id='word_1_265' title='bbox 481 2976 610 3038; x_wconf 90' lang='lat' dir='ltr'><strong>dioecesi</strong></span> <span class='ocrx_word' id='word_1_266' title='bbox 628 2977 798 3057; x_wconf 91' lang='lat' dir='ltr'><strong>praedicare</strong></span> <span class='ocrx_word' id='word_1_267' title='bbox 809 2985 991 3060; x_wconf 87' lang='lat' dir='ltr'><strong>permittant,</strong></span> <span class='ocrx_word' id='word_1_268' title='bbox 1010 2979 1104 3040; x_wconf 89' lang='lat' dir='ltr'><strong>donoc</strong></span> <span class='ocrx_word' id='word_1_269' title='bbox 1119 2980 1154 3039; x_wconf 86' lang='lat' dir='ltr'><strong>ab</strong></span> <span class='ocrx_word' id='word_1_270' title='bbox 1170 2980 1242 3059; x_wconf 88' lang='lat' dir='ltr'><strong>ipsis</strong></span> 
     </span>
     <span class='ocr_line' id='line_1_34' title="bbox 213 3064 1241 3146; baseline -0.001 -22"><span class='ocrx_word' id='word_1_271' title='bbox 213 3067 358 3144; x_wconf 87' lang='lat' dir='ltr'><strong>episeopis</strong></span> <span class='ocrx_word' id='word_1_272' title='bbox 380 3082 468 3143; x_wconf 90' lang='lat' dir='ltr'><strong>snper</strong></span> <span class='ocrx_word' id='word_1_273' title='bbox 490 3083 526 3124; x_wconf 89' lang='lat' dir='ltr'><strong>ea</strong></span> <span class='ocrx_word' id='word_1_274' title='bbox 548 3081 580 3123; x_wconf 89' lang='lat' dir='ltr'><strong>re</strong></span> <span class='ocrx_word' id='word_1_275' title='bbox 604 3074 704 3122; x_wconf 89' lang='lat' dir='ltr'><strong>sancta</strong></span> <span class='ocrx_word' id='word_1_276' title='bbox 726 3064 810 3125; x_wconf 90' lang='lat' dir='ltr'><strong>sedes</strong></span> <span class='ocrx_word' id='word_1_277' title='bbox 832 3068 993 3146; x_wconf 85' lang='lat' dir='ltr'><strong>apostolica</strong></span> <span class='ocrx_word' id='word_1_278' title='bbox 1016 3066 1195 3134; x_wconf 88' lang='lat' dir='ltr'><strong>consulatur,</strong></span> <span class='ocrx_word' id='word_1_279' title='bbox 1224 3086 1241 3124; x_wconf 89' lang='lat' dir='ltr'><strong>a</strong></span> 
     </span>
     <span class='ocr_line' id='line_1_35' title="bbox 206 3146 1242 3230; baseline -0.004 -18"><span class='ocrx_word' id='word_1_280' title='bbox 206 3169 268 3230; x_wconf 46' lang='lat' dir='ltr'><strong>equa</strong></span> <span class='ocrx_word' id='word_1_281' title='bbox 286 3151 436 3229; x_wconf 81' lang='lat' dir='ltr'><strong>privilegia</strong></span> <span class='ocrx_word' id='word_1_282' title='bbox 454 3146 615 3207; x_wconf 86' lang='lat' dir='ltr'><strong>huiusmodi</strong></span> <span class='ocrx_word' id='word_1_283' title='bbox 637 3150 691 3208; x_wconf 92' lang='lat' dir='ltr'><strong>nisi</strong></span> <span class='ocrx_word' id='word_1_284' title='bbox 710 3151 798 3210; x_wconf 88' lang='lat' dir='ltr'><strong>tacita</strong></span> <span class='ocrx_word' id='word_1_285' title='bbox 816 3154 937 3212; x_wconf 86' lang='lat' dir='ltr'><strong>veritate</strong></span> <span class='ocrx_word' id='word_1_286' title='bbox 956 3162 987 3212; x_wconf 91' lang='lat' dir='ltr'><strong>et</strong></span> <span class='ocrx_word' id='word_1_287' title='bbox 1003 3170 1141 3230; x_wconf 85' lang='lat' dir='ltr'><strong>expresso</strong></span> <span class='ocrx_word' id='word_1_288' title='bbox 1161 3169 1242 3208; x_wconf 90' lang='lat' dir='ltr'><strong>men-</strong></span> 
     </span>
     <span class='ocr_line' id='line_1_36' title="bbox 205 3233 1242 3314; baseline 0 -20"><span class='ocrx_word' id='word_1_289' title='bbox 205 3233 297 3294; x_wconf 82' lang='lat' dir='ltr'><strong>&#39;daeio</strong></span> <span class='ocrx_word' id='word_1_290' title='bbox 321 3237 357 3294; x_wconf 75' lang='lat' dir='ltr'><strong>alo</strong></span> <span class='ocrx_word' id='word_1_291' title='bbox 381 3233 505 3312; x_wconf 84' lang='lat' dir='ltr'><strong>indignis</strong></span> <span class='ocrx_word' id='word_1_292' title='bbox 528 3236 694 3314; x_wconf 83' lang='lat' dir='ltr'><strong>extorqueri</strong></span> <span class='ocrx_word' id='word_1_293' title='bbox 715 3237 870 3296; x_wconf 89' lang='lat' dir='ltr'><strong>verisimile</strong></span> <span class='ocrx_word' id='word_1_294' title='bbox 889 3258 945 3296; x_wconf 93' lang='lat' dir='ltr'><strong>non</strong></span> <span class='ocrx_word' id='word_1_295' title='bbox 964 3247 1018 3297; x_wconf 90' lang='lat' dir='ltr'><strong>est.</strong></span> <span class='ocrx_word' id='word_1_296' title='bbox 1064 3237 1242 3310; x_wconf 82' lang='lat' dir='ltr'><strong>Quaestores</strong></span> 
     </span>
     <span class='ocr_line' id='line_1_37' title="bbox 212 3320 1240 3400; baseline 0.001 -21"><span class='ocrx_word' id='word_1_297' title='bbox 212 3341 282 3380; x_wconf 89' lang='lat' dir='ltr'><strong>vero</strong></span> <span class='ocrx_word' id='word_1_298' title='bbox 306 3320 527 3397; x_wconf 84' lang='lat' dir='ltr'><strong>eleemosynarii</strong></span> <span class='ocrx_word' id='word_1_299' title='bbox 539 3321 584 3394; x_wconf 81' lang='lat'><strong>²),</strong></span> <span class='ocrx_word' id='word_1_300' title='bbox 612 3321 660 3399; x_wconf 85' lang='lat' dir='ltr'><strong>qui</strong></span> <span class='ocrx_word' id='word_1_301' title='bbox 682 3322 768 3380; x_wconf 87' lang='lat' dir='ltr'><strong>etiam</strong></span> <span class='ocrx_word' id='word_1_302' title='bbox 792 3324 965 3400; x_wconf 86' lang='lat' dir='ltr'><strong>quaestuarii</strong></span> <span class='ocrx_word' id='word_1_303' title='bbox 986 3323 1072 3399; x_wconf 82' lang='lat' dir='ltr'><strong>vulgo</strong></span> <span class='ocrx_word' id='word_1_304' title='bbox 1096 3320 1240 3392; x_wconf 85' lang='lat' dir='ltr'><strong>dicuntur,</strong></span> 
     </span>
     <span class='ocr_line' id='line_1_38' title="bbox 213 3403 1241 3486; baseline -0.001 -20"><span class='ocrx_word' id='word_1_305' title='bbox 213 3407 406 3484; x_wconf 87' lang='lat' dir='ltr'><strong>cuiuscunque</strong></span> <span class='ocrx_word' id='word_1_306' title='bbox 426 3403 599 3472; x_wconf 86' lang='lat' dir='ltr'><strong>conditionis</strong></span> <span class='ocrx_word' id='word_1_307' title='bbox 617 3406 770 3478; x_wconf 82' lang='lat' dir='ltr'><strong>exsistant,</strong></span> <span class='ocrx_word' id='word_1_308' title='bbox 790 3408 867 3466; x_wconf 92' lang='lat' dir='ltr'><strong>nullo</strong></span> <span class='ocrx_word' id='word_1_309' title='bbox 886 3407 971 3469; x_wconf 92' lang='lat' dir='ltr'><strong>modo</strong></span> <span class='ocrx_word' id='word_1_310' title='bbox 989 3426 1045 3468; x_wconf 85' lang='lat' dir='ltr'><strong>nec</strong></span> <span class='ocrx_word' id='word_1_311' title='bbox 1063 3425 1117 3486; x_wconf 88' lang='lat' dir='ltr'><strong>per</strong></span> <span class='ocrx_word' id='word_1_312' title='bbox 1133 3425 1165 3465; x_wconf 90' lang='lat' dir='ltr'><strong>se</strong></span> <span class='ocrx_word' id='word_1_313' title='bbox 1185 3425 1241 3465; x_wconf 88' lang='lat' dir='ltr'><strong>nec</strong></span> 
     </span>
     <span class='ocr_line' id='line_1_39' title="bbox 165 3487 1238 3570; baseline 0.004 -24"><span class='ocrx_word' id='word_1_314' title='bbox 165 3539 170 3546; x_wconf 93' lang='lat'>.</span> <span class='ocrx_word' id='word_1_315' title='bbox 212 3510 266 3570; x_wconf 91' lang='lat' dir='ltr'><strong>per</strong></span> <span class='ocrx_word' id='word_1_316' title='bbox 283 3491 368 3549; x_wconf 88' lang='lat' dir='ltr'><strong>alium</strong></span> <span class='ocrx_word' id='word_1_317' title='bbox 387 3487 557 3570; x_wconf 88' lang='lat' dir='ltr'><strong>praedicare</strong></span> <span class='ocrx_word' id='word_1_318' title='bbox 576 3501 772 3569; x_wconf 84' lang='lat' dir='ltr'><strong>praesumant,</strong></span> <span class='ocrx_word' id='word_1_319' title='bbox 804 3502 833 3551; x_wconf 93' lang='lat' dir='ltr'><strong>et</strong></span> <span class='ocrx_word' id='word_1_320' title='bbox 859 3494 1103 3553; x_wconf 76' lang='lat' dir='ltr'><strong>contrafacientes</strong></span> <span class='ocrx_word' id='word_1_321' title='bbox 1121 3491 1157 3550; x_wconf 88' lang='lat' dir='ltr'><strong>ab</strong></span> <span class='ocrx_word' id='word_1_322' title='bbox 1177 3493 1238 3570; x_wconf 88' lang='lat' dir='ltr'><strong>epi·</strong></span> 
     </span>
    </p>
   </div>
   <div class='ocr_carea' id='block_1_4' title="bbox 1273 3293 1288 3332">
    <p class='ocr_par' dir='ltr' id='par_1_4' title="bbox 1273 3293 1288 3332">
     <span class='ocr_line' id='line_1_40' title="bbox 1273 3293 1288 3332; baseline 0 0"><span class='ocrx_word' id='word_1_323' title='bbox 1273 3293 1288 3332; x_wconf 63' lang='grc' dir='ltr'>ἱ</span> 
     </span>
    </p>
   </div>
   <div class='ocr_carea' id='block_1_5' title="bbox 212 3705 1243 3868">
    <p class='ocr_par' dir='ltr' id='par_1_5' title="bbox 212 3705 1243 3868">
     <span class='ocr_line' id='line_1_41' title="bbox 266 3705 1243 3764; baseline -0.001 -12"><span class='ocrx_word' id='word_1_324' title='bbox 266 3708 387 3758; x_wconf 76' lang='lat' dir='ltr'><strong>Sens.,V.</strong></span> <span class='ocrx_word' id='word_1_325' title='bbox 411 3712 432 3760; x_wconf 75' lang='lat' dir='ltr'><strong>tl</strong></span> <span class='ocrx_word' id='word_1_326' title='bbox 448 3723 468 3752; x_wconf 90' lang='lat' dir='ltr'><strong>c.</strong></span> <span class='ocrx_word' id='word_1_327' title='bbox 483 3710 515 3751; x_wconf 82' lang='lat'><strong>1³.</strong></span> <span class='ocrx_word' id='word_1_328' title='bbox 531 3707 552 3764; x_wconf 67' lang='grc' dir='ltr'><strong>ξ.</strong></span> <span class='ocrx_word' id='word_1_329' title='bbox 566 3710 586 3750; x_wconf 77' lang='lat' dir='ltr'><strong>t.</strong></span> <span class='ocrx_word' id='word_1_330' title='bbox 601 3705 633 3750; x_wconf 85' lang='lat' dir='ltr'><strong>X.</strong></span> <span class='ocrx_word' id='word_1_331' title='bbox 648 3707 677 3750; x_wconf 84' lang='lat' dir='ltr'><strong>do</strong></span> <span class='ocrx_word' id='word_1_332' title='bbox 691 3705 755 3762; x_wconf 73' lang='lat' dir='ltr'><strong>liner.</strong></span> <span class='ocrx_word' id='word_1_333' title='bbox 768 3708 798 3752; x_wconf 83' lang='lat' dir='ltr'><strong>V.</strong></span> <span class='ocrx_word' id='word_1_334' title='bbox 812 3711 833 3753; x_wconf 79' lang='lat' dir='ltr'><strong>t.</strong></span> <span class='ocrx_word' id='word_1_335' title='bbox 848 3707 1049 3764; x_wconf 61' lang='lat' dir='ltr'><strong>(0⁰M·ht.1v0)</strong></span> <span class='ocrx_word' id='word_1_336' title='bbox 1063 3709 1095 3754; x_wconf 83' lang='lat' dir='ltr'><strong>ei.</strong></span> <span class='ocrx_word' id='word_1_337' title='bbox 1106 3706 1161 3752; x_wconf 85' lang='lat' dir='ltr'><strong>inlr.</strong></span> <span class='ocrx_word' id='word_1_338' title='bbox 1172 3705 1243 3751; x_wconf 79' lang='lat' dir='ltr'><strong>Sess.</strong></span> 
     </span>
     <span class='ocr_line' id='line_1_42' title="bbox 212 3757 1241 3868; baseline 0 -16"><span class='ocrx_word' id='word_1_339' title='bbox 212 3757 1241 3868; x_wconf 42' lang='lat' dir='ltr'><strong>illidi-illd·imii‘dlciidiliili‘.illidi&amp;*dodelini</strong></span> 
     </span>
    </p>
   </div>
   <div class='ocr_carea' id='block_1_6' title="bbox 213 3861 923 3919">
    <p class='ocr_par' dir='ltr' id='par_1_6' title="bbox 213 3861 923 3919">
     <span class='ocr_line' id='line_1_43' title="bbox 213 3861 923 3919; baseline 0.018 -9"><span class='ocrx_word' id='word_1_340' title='bbox 213 3861 345 3919; x_wconf 54' lang='lat' dir='ltr'><strong>(clamve</strong></span> <span class='ocrx_word' id='word_1_341' title='bbox 783 3907 786 3915; x_wconf 77' lang='lat'>·</span> <span class='ocrx_word' id='word_1_342' title='bbox 839 3906 843 3916; x_wconf 79' lang='lat'><strong>·</strong></span> <span class='ocrx_word' id='word_1_343' title='bbox 876 3907 880 3916; x_wconf 53' lang='grc' dir='ltr'><em>ι</em></span> <span class='ocrx_word' id='word_1_344' title='bbox 920 3909 923 3916; x_wconf 85' lang='lat'>-</span> 
     </span>
    </p>
   </div>
   <div class='ocr_carea' id='block_1_7' title="bbox 0 0 1330 4330">
    <p class='ocr_par' dir='ltr' id='par_1_7' title="bbox 0 0 1330 4330">
     <span class='ocr_line' id='line_1_44' title="bbox 0 0 1330 4330; baseline 0 0"><span class='ocrx_word' id='word_1_345' title='bbox 0 0 1330 4330; x_wconf 95' lang='lat' dir='ltr'><strong> </strong></span> 
     </span>
    </p>
   </div>
  </div>
 </body>
</html>
