2654 4330
239 237 316 325 sss
449 236 600 294 snssro
619 235 695 294 sur.
731 192 788 313 ne
807 229 1058 292 assonare.

147 379 151 391 “
237 370 388 462 imperitis,
407 380 431 438 si
450 379 520 440 alias
538 377 677 438 honestae
695 375 772 438 vitae
790 379 856 448 sint,
876 369 1061 437 coadiutores
1076 367 1256 440 autricarlos

238 483 293 546 pro
310 476 440 544 tempore
454 461 616 543 deputare,
640 453 807 544 partemque
825 465 967 522 ducturum
986 462 1095 522 eisdem
1113 483 1168 543 pro
1186 465 1257 523 saffi-

237 542 328 610 cienti
344 553 423 610 victu
441 552 598 628 assignare,
617 550 663 610 vel
685 550 770 608 aliter
782 542 935 628 providere
954 549 1072 628 possint,
1093 565 1255 629 quacunque

235 637 432 718 appellatione
451 645 482 696 et
498 635 681 714 exemptione
700 645 819 694 remota.
856 633 916 693 Eos
932 651 1003 694 vero
1014 637 1052 708 ¹),
1069 636 1120 716 qai
1139 637 1256 714 turpiter

236 733 268 782 et
286 715 455 780 scandaloso
473 721 579 792 vivunt,
603 731 752 799 postquam
774 719 945 798 praemoniti
963 720 1083 792 inerim,
1103 733 1256 780 coerceant

236 826 272 866 ac
295 807 447 885 castigent,
466 815 505 876 et,
524 807 548 864 si
566 803 659 866 adhuc
681 805 895 882 incorrigibiles
916 806 946 863 in
968 822 1020 865 soa
1043 807 1171 885 nequitia
1193 824 1255 885 per·

236 901 379 963 sererent,
405 909 456 950 eos
474 887 623 955 beneficiis
645 891 724 950 iuxta
747 906 894 950 sacrorum
917 909 1057 950 canonum
1077 893 1255 950 constitutio·

234 995 297 1048 nes,
317 977 499 1056 exemptione
521 987 553 1034 et
571 973 764 1055 appellatione
786 993 956 1056 pecusque
979 987 1105 1048 mmm,
1128 977 1255 1056 privandi

234 1063 401 1122 facultatem
418 1061 553 1120 lraleant.
601 1091 605 1098 ·
1157 1065 1159 1070 '

177 1265 180 1273 ,
235 1218 262 1266 c.
280 1219 334 1266 Vll.
369 1215 493 1278 Episcopo·
510 1218 680 1282 transferant
695 1214 820 1276 beneficia
837 1231 874 1264 ar
889 1217 1023 1278 ecelesiis,
1047 1227 1113 1278 quoe
1131 1225 1254 1280 aequem

231 1287 402 1348 ‘restauratis
422 1281 492 1334 alios
510 1299 570 1334 vero
588 1287 714 1346 reparari
729 1291 837 1344 curentg
856 1286 919 1348 quid
935 1288 962 1334 ie
979 1285 1028 1332 lroc
1042 1285 1196 1334 servandum
1213 1289 1253 1334 eit.

273 1377 275 1382 ⁵
319 1387 410 1460 Quum
429 1385 499 1448 illud
518 1406 631 1466 quoque
648 1386 732 1448 valde
752 1385 907 1449 curandum
925 1388 975 1458 sit,
995 1407 1030 1448 nc
1050 1407 1099 1460 ea,
1119 1407 1192 1467 qnae
1210 1409 1253 1448 sa-

180 1474 291 1534 aoecris
309 1473 474 1532 ministeriis
497 1471 593 1534 dicata
611 1483 689 1544 sunt,
712 1483 871 1552 temporam
894 1473 997 1532 iniuria
1020 1473 1204 1534 obsolescunt
1226 1486 1254 1534 ct

232 1577 271 1618 ex
300 1558 443 1618 hominum
474 1559 613 1618 memoria
638 1557 791 1630 excidant,
818 1559 971 1638 episcopi,
1007 1560 1093 1626 etiarn
1124 1571 1252 1639 unquam

152 1665 155 1675 ’
232 1642 511 1723 apostolicaesedis
540 1643 682 1724 delegati,
708 1646 866 1704 transferre
894 1644 1004 1722 possint
1024 1644 1169 1727 Melicis
1190 1647 1252 1704 sim·
1277 1701 1282 1710 ,

231 1731 328 1808 plicia,
348 1730 433 1788 etiam
450 1730 523 1790 iuris
541 1740 722 1812 patronatus,
742 1748 779 1789 ex
798 1730 940 1802 ecclesiis,
958 1749 1032 1808 quae
1049 1739 1193 1793 vetustate
1209 1731 1251 1790 tel

181 1855 184 1866 .
231 1814 303 1872 alias
322 1815 467 1895 collapsae
486 1817 551 1887 sint,
571 1825 601 1874 et
619 1814 655 1874 oli
675 1835 773 1875 eorum
792 1816 916 1894 inopiam
935 1825 1077 1894 nequeant
1092 1817 1249 1888 instaurari,

231 1900 343 1958 vocatis
366 1899 415 1971 iis,
441 1919 558 1980 quorum
582 1901 715 1972 interest,
740 1901 768 1960 in
792 1901 925 1960 matrices
949 1911 998 1959 aut
1019 1901 1090 1960 alias
1115 1903 1250 1962 ecclesias
1313 1933 1314 1940 1

232 1985 362 2044 locorum
381 1985 538 2045 eorundem
560 2005 611 2045 scu
629 1987 797 2046 viciniorum
821 1986 942 2045 arbitrio
961 2006 1028 2060 su03
1047 1996 1133 2068 atque
1153 1987 1182 2046 in
1200 1989 1250 2046 eis·
1313 1981 1314 2020 l

230 2067 296 2130 dem
320 2071 454 2130 ecclesiis
484 2073 598 2150 erigant
620 2071 724 2132 altaria
750 2073 796 2130 vel
821 2069 946 2151 capellas
968 2072 1019 2130 suh
1044 2069 1153 2132 eisdem
1176 2073 1250 2131 invo-

230 2154 406 2227 cationibus,
430 2156 476 2214 vel
499 2157 528 2215 in
551 2157 605 2215 iam
624 2167 723 2216 erecta
746 2154 849 2215 altaria
865 2156 911 2217 vel
931 2156 1056 2236 capellas
1079 2159 1250 2218 transierant

230 2260 294 2299 cum
312 2241 447 2299 'omnibus
466 2240 663 2300 emolumentis
681 2251 712 2302 et
731 2241 865 2301 oneribus
882 2243 1026 2322 prioribus
1045 2243 1181 2303 ecclesiis
1204 2245 1250 2301 im·

228 2323 339 2404 positis.
375 2324 562 2386 parochiales
579 2345 649 2386 vero
667 2327 823 2400 ecclesias,
852 2329 938 2388 etiam
957 2329 980 2387 si
999 2328 1067 2388 iuris
1085 2337 1249 2407 patronatus

228 2411 299 2482 sint,
323 2411 362 2468 ita
387 2409 528 2491 collapsas
551 2409 632 2471 refici
656 2421 686 2470 et
708 2413 861 2473 instaurari
883 2423 1041 2493 procurent
1058 2433 1096 2472 ex
1113 2413 1249 2474 fructibus

229 2505 260 2554 et
277 2493 463 2574 proventibus
474 2493 736 2578 quibuscunque&
756 2497 793 2558 ad
811 2497 925 2558 easdem
945 2499 1085 2560 ecclesias
1096 2499 1250 2577 quomodo·

63 2605 66 2612 ·
164 2584 177 2594 ’
229 2581 585 2660 cunquepcrtinentibus.
623 2583 676 2656 Qui
695 2583 719 2642 si
738 2605 794 2642 non
817 2585 925 2643 luerint
943 2583 1129 2656 sufficientes,
1153 2605 1249 2644 omnes

227 2675 365 2745 patronos
383 2676 414 2726 et
436 2666 523 2739 alios,
542 2669 589 2747 qui
607 2668 716 2728 fructus
738 2669 849 2749 aliquos
868 2689 916 2748 ex.
928 2668 1012 2729 dictis
1034 2670 1169 2730 ecclesiis
1187 2691 1249 2751 pro·

226 2752 376 2811 venientes
398 2755 573 2833 percipiunt,
593 2766 656 2827 aut,
684 2756 712 2813 in
735 2755 847 2813 illorum
872 2753 1029 2826 delectum,
1058 2756 1248 2834 parochianos

228 2836 356 2895 omnibus
376 2838 510 2898 remediis
529 2841 695 2921 opportunis
714 2835 750 2898 ad
769 2838 919 2918 praedicta
938 2850 1061 2919 cogant,
1075 2851 1247 2921 ‘quacunque

225 2923 435 3002 appellatione,
460 2928 641 3005 exemptione
665 2935 695 2984 et
714 2923 942 2986 contradictione
963 2935 1083 2984 remota.
1121 2925 1247 3000 Quodsi

227 3010 313 3066 nimia
341 3020 472 3087 egestate
501 3031 598 3070 omnes
626 3011 777 3082 laborent,
797 3009 833 3070 ad
861 3008 995 3071 matrices
1022 3030 1072 3071 seu
1095 3012 1248 3071 viciniores

224 3097 368 3154 ecelesias
385 3097 609 3166 transforantur,
634 3112 697 3154 cum
720 3097 858 3156 facultate
876 3105 934 3154 tem
952 3094 1045 3156 dictas
1067 3098 1247 3176 parochiales

227 3201 310 3260 quarn
335 3181 405 3240 alias
429 3180 571 3240 ecclesias
594 3179 702 3240 dirutas
721 3183 750 3240 in
774 3182 911 3261 profanos
935 3197 1000 3242 usus
1024 3199 1081 3240 non
1104 3181 1245 3252 sordidos,

225 3277 326 3328 erecta
344 3277 440 3326 umen
458 3267 498 3326 ilsi
517 3279 614 3338 cruce,
634 3265 832 3328 conversandi.-

224 3426 327 3470 c.Vlll.
345 3422 508 3474 Monosleria
525 3421 714 3482 caramencara,
738 3424 765 3469 in
784 3423 874 3484 pollue
891 3437 942 3469 non
960 3424 1030 3485 viget
1051 3423 1183 3486 regularis
1206 3425 1246 3470 ol·

224 3495 369 3554 cocantes,
388 3497 415 3538 et
431 3488 555 3551 beneficia
570 3501 739 3554 ,proceraeque
758 3491 897 3552 praetenuis
914 3492 947 3538 el
965 3491 1088 3552 episcopis
1103 3493 1246 3539 or'sa'teetur.

312 3594 503 3672 Quaecunque
521 3596 550 3653 in
569 3592 698 3652 dioecesi
719 3588 756 3651 ad
779 3590 834 3651 Dei
854 3591 957 3652 cultum
981 3603 1121 3672 spectant,
1145 3589 1182 3652 als
1203 3613 1246 3651 or-

225 3679 339 3738 dinario
363 3678 520 3756 diligenter
542 3679 651 3750 curari,
681 3688 766 3756 atquc
788 3679 838 3749 iis,
871 3678 918 3738 ulri
939 3688 1072 3758 oportet,
1100 3677 1246 3757 provideri
1309 3723 1310 3728 1

252 3861 328 3905 Seu.
346 3859 415 3905 xxl.
443 3865 464 3915 1)
483 3862 514 3905 el.
525 3873 545 3906 e.
555 3866 588 3906 tt.
598 3865 630 3906 11.
641 3865 673 3905 ¹5.
687 3857 719 3904 X.
734 3859 762 3903 de
777 3858 826 3902 rite
840 3865 865 3903 et
878 3859 931 3904 toa.
947 3858 1004 3904 oter.
1015 3859 1061 3903 111.
1072 3864 1092 3903 1.
1106 3863 1176 3914 (oenc
1195 3862 1248 3905 Lot.

225 3911 280 3967 lv.)
290 3935 314 3946 -
340 3916 361 3969 2)
381 3926 401 3957 e.
411 3916 430 3956 1.
443 3917 516 3968 (cone.
528 3915 642 3969 lingunt.)
653 3927 673 3956 e.
684 3917 703 3956 l.
714 3911 796 3968 (Alex.
807 3910 866 3965 111.)
875 3911 904 3954 de
915 3909 973 3956 ecel.
984 3909 1055 3954 sedis.
1066 3910 1112 3960 ill.
1122 3915 1158 3958 18.
