2648 4336
188 263 195 272 .
283 221 414 278 mamm.
433 221 583 276 ERROR.
605 214 753 282 pascu:
768 225 914 304 (1118811.
1043 229 1132 295 ω)

69 381 179 445 supra
202 363 364 424 neausitas
386 364 547 442 respective
570 359 726 436 editiones,
754 361 879 426 fideliter
900 376 1060 441 extractas,
1088 378 1120 430 et

71 461 145 510 tum
178 449 287 528 gallico
315 457 371 508 tum
400 448 488 507 latino
516 446 651 510 idiomate
683 469 836 530 expressas
860 453 1074 530 proposim’ouea
1100 474 1119 518 o

70 533 289 615 compluribus
304 534 334 593 in
347 551 431 593 sacra
444 533 593 612 theologia
605 536 759 614 magmtrie,
777 538 869 615 primo
888 535 1001 615 quidem
1018 556 1121 600 ¹coraus

69 619 204 681 duobus
232 639 269 680 ex
294 617 504 680 uenerabilibus
530 619 665 682 tratribus
696 623 802 682 nostris
828 631 945 682 sanotae
972 621 1118 685 Romanae

71 707 239 766 eoolen'ae
267 703 458 764 cardinalibus
485 714 622 766 secante
648 703 763 778 discuti,
790 705 895 768 deinde
921 725 992 768 vero
1020 727 1119 770 coram

71 791 190 863 uobis,
219 788 347 850 adhibito
375 790 461 850 etiam
488 789 608 851 aliorum
634 791 754 870 plurium
776 790 962 854 cardinalium
986 793 1117 867 oonsilio,

74 894 175 956 quam
204 877 327 936 maxima
354 873 503 954 diligentia
529 894 564 934 ac
591 877 769 948 maturitate,
800 877 974 956 singularum
1001 879 1120 958 iusuper

73 961 320 1042 propositionum
339 979 402 1020 eum
425 963 547 1039 ipsomet
570 961 635 1022 lihri
657 971 737 1022 textu
759 963 1037 1024 exactissime-lacta
1056 965 1118 1024 col·

75 1049 213 1118 latione,
232 1047 328 1126 plures
346 1048 458 1105 iteratis
477 1045 891 1128 congregationibusexpandi
909 1057 941 1108 et
958 1049 1116 1116 examinari

75 1131 296 1194 mandarimus.
350 1177 353 1185 ,

345 1277 480 1334 Sequuntur
492 1275 667 1336 propositiones
681 1277 802 1326 damnatae
821 1279 863 1325 ct.

80 1395 114 1452 1.
135 1389 231 1465 arcp.
259 1385 331 1460 Quid
350 1384 428 1446 aliud
445 1397 576 1450 remanet
593 1387 713 1460 animae,
733 1407 805 1468 quae
820 1388 911 1450 Deum
925 1401 1009 1470 atque
1027 1391 1117 1470 ipsius
1165 1430 1169 1439 ι
1188 1427 1194 1432 -

129 1473 256 1552 gratiam
275 1473 378 1542 amisit,
397 1473 451 1532 nisi
469 1481 620 1551 peceatum
638 1483 669 1533 et
685 1475 800 1553 peccati
818 1476 1050 1547 consecutiones,
1068 1496 1117 1536 su·

131 1557 226 1638 perha
242 1567 396 1636 paupertas
415 1568 445 1617 et
462 1559 559 1636 segnis
578 1557 744 1636 indigentia,
763 1559 820 1620 hoc
839 1569 884 1619 eet
901 1560 1045 1637 generalis
1064 1562 1116 1620 im-

134 1644 265 1722 potentia
279 1641 316 1702 ad
329 1641 468 1714 lahorem,
487 1640 523 1702 ad
539 1645 699 1704 oratione·
713 1653 742 1704 ut
756 1642 793 1703 ad
805 1662 889 1706 omne
905 1664 975 1724 opus
992 1644 1117 1706 honum?

133 1727 240 1787 Exstat
256 1728 328 1788 haec
350 1729 509 1807 propositio
532 1730 562 1790 in
585 1728 833 1788 observationibus
850 1729 1005 1790 moralibus
1024 1729 1116 1804 Ques·

130 1813 203 1875 uelli
219 1811 258 1872 ad
274 1813 373 1873 Lucae
393 1832 455 1893 cap.
473 1812 552 1874 xvt.
570 1833 645 1874 vers.
665 1819 695 1878 8.

80 1906 115 1965 2.
136 1898 205 1959 lesu
224 1897 450 1977 christigratia,
469 1899 638 1978 principium
657 1897 758 1964 efficax
771 1898 839 1958 houi
854 1900 1045 1980 cuiuscunque
1060 1919 1112 1978 ge·
1128 1912 1168 1955 ton
1295 1974 1298 1983 Ι

130 1986 220 2055 neris,
240 1986 405 2044 necessaria
423 1993 467 2043 est
484 1982 521 2043 ad
541 2001 623 2044 omne
643 2004 713 2063 opus
731 1983 845 2055 bonum,
864 1981 970 2064 absque
989 1985 1038 2044 illa
1057 2005 1114 2045 uon

130 2070 353 2142 solumnihiilit,
369 2067 672 2148 seduecliaripotest
699 2067 779 2128 loun.
788 2068 851 2128 XV.
865 2075 932 2134 v..5
952 2068 1006 2128 Ed.
1019 2065 1112 2134 1693.

82 2163 116 2221 3.
137 2155 169 2215 lu
183 2175 295 2226 vanum,
309 2155 431 2214 Domine
435 2156 611 2234 ,praeopta
623 2155 650 2216 oi
663 2164 694 2214 tu
711 2155 772 2234 ipse
791 2174 848 2214 non
866 2153 917 2214 das
935 2153 1012 2282 quod
1027 2174 1114 2236 prae·

130 2241 214 2320 cipis.
241 2239 308 2300 Act.
325 2239 405 2300 XVl.
427 2245 476 2304 10.

82 2334 116 2391 ⁴.
138 2325 191 2398 lta,
211 2325 340 2398 Domine,
359 2325 761 2427 omniapossibiliasuntei‚
785 2327 944 2388 calomnia
965 2278 1111 2406 possibilia

128 2413 213 2483 iacis,
233 2410 333 2474 eadem
353 2411 525 2491 operando'
517 2432 545 2471 su
564 2412 623 2472 illo.
646 2410 737 2472 Maro.
757 2411 807 2474 lX.
827 2417 878 2476 22.

84 2503 116 2560 5.
139 2495 258 2570 Quando
277 2497 355 2557 Deus
382 2515 439 2556 uon
466 2497 575 2557 emollit
602 2517 655 2558 cor
680 2517 734 2577 per
758 2498 925 2560 interiorem
947 2498 1111 2558 unctionem

129 2584 242 2662 gratiae
265 2601 349 2653 suae,
377 2582 593 2644 exhortationes
617 2593 647 2642 ot
669 2585 781 2659 gratiae
805 2585 967 2644 exteriores
989 2603 1046 2642 non
1069 2585 1112 2643 iu-

130 2669 271 2738 serviunt‚
300 2669 355 2727 nisi
378 2666 414 2726 ad
442 2666 510 2727 illud
534 2668 624 2744 magis
647 2665 852 2730 obdurandum.
880 2668 960 2730 Rom.
985 2667 1035 2730 tx.
1061 2673 1111 2734 18.
1185 2667 1189 2675 “

82 2843 114 2902 6.
135 2838 295 2898 Discrimeu
317 2840 394 2899 iuter
415 2835 517 2898 foedus
536 2833 680 2896 Iudaicum
698 2847 729 2896 et
747 2835 936 2896 Christianam
954 2849 1012 2909 est,
1036 2831 1111 2918 quod

129 2925 158 2982 iu
177 2923 227 2983 illo
246 2923 324 2984 Deus
342 2925 433 3001 exigit
455 2923 550 3002 lugam
573 2922 688 3002 peceati
712 2931 741 2981 st
763 2921 974 3000 implementum
997 2922 1070 3001 legis
1093 2943 1111 2982 a

127 3019 294 3088 peccatore,
313 3006 502 3087 relinquendo
520 3008 598 3068 illum
616 3008 644 3067 iu
660 3025 711 3066 sua
725 3006 907 3086 impotentia3
927 3009 955 3066 iu
969 3008 1025 3066 isto
1038 3027 1109 3067 vero

128 3094 206 3154 Deus
223 3096 373 3174 peccatori
392 3092 441 3152 dat
454 3091 529 3173 quod
544 3092 637 3165 iubet,
656 3093 733 3153 illum
747 3109 798 3151 sua
810 3093 905 3170 gratia
920 3091 1108 3171 purificando.

127 3179 351 3244 Remittat.

81 3269 113 3328 7.
135 3264 215 3338 Quas
232 3265 340 3326 utilitas
358 3284 413 3344 pro
434 3264 548 3324 homine
572 3265 601 3324 iu
622 3265 715 3324 veteri
736 3261 872 3332 loedere,
899 3263 929 3320 iu
952 3282 1011 3364 quo
1031 3263 1108 3324 Deus

124 3349 204 3410 illuns
222 3351 382 3430 reliquit
356 3369 417 3412 erun
434 3351 570 3431 propriae
584 3349 749 3420 infirmitati,
768 3346 967 3427 imponendo
958 3348 1013 3426 rpsi
1029 3367 1108 3423 auam
1127 3402 1130 3415 ,

124 3435 239 3514 legenti
261 3436 339 3509 Quae
361 3455 433 3498 vero
455 3436 579 3496 lelioitas
601 3453 658 3493 uon
680 3445 725 3494 est
747 3433 857 3493 admitti
879 3431 917 3492 ad
939 3431 1087 3503 foedus(
1078 3452 1107 3492 ιιι
1222 3473 1230 3480 -

125 3539 181 3600 quo
200 3519 277 3580 Deus
295 3522 378 3581 nohis
396 3520 485 3582 donet
502 3519 579 3600 quod
595 3521 667 3599 petit
684 3538 701 3577 a
718 3518 820 3578 nohis?
837 3511 925 3578 llehr.
944 3516 1023 3578 Vlll.
1043 3522 1073 3581 7.

80 3609 112 3668 8.
129 3604 193 3666 Nos
211 3625 268 3666 nou
286 3609 460 3710 pertinemus
478 3605 515 3666 ad
533 3625 634 3664 novum
652 3603 764 3676 foedus,
782 3606 837 3664 uisi
851 3606 879 3664 iu
893 3614 1027 3683 quantum
1040 3622 1108 3684 part·

68 3735 77 3749 .
122 3691 229 3771 tioipeu
247 3710 343 3754 sumus
359 3693 447 3772 ipsius
466 3711 556 3752 novae
576 3691 701 3768 gratiae,
726 3709 797 3769 quae
817 3691 999 3770 operatoria
1023 3688 1107 3749 uoltis

122 3774 167 3847 id,
186 3776 261 3856 quod
280 3776 358 3838 Deus
375 3777 457 3838 uehis
475 3776 624 3856 praecipit.
644 3773 732 3836 Hehr.
751 3773 830 3836 Vlll.
851 3779 901 3841 10.

80 3865 112 3922 e.
136 3859 236 3922 Gratia
257 3863 363 3924 Christi
381 3873 426 3922 est
444 3865 537 3940 gratia
555 3877 695 3940 suprema,
715 3861 776 3920 siue
795 3880 850 3940 qua
868 3860 1001 3922 coutiteri
1012 3860 1106 3936 ,ctri-
