2652 4330
219 221 266 278 ὓ
368 219 532 274 sessio
560 217 635 270 XlV.
670 217 729 270 DE
756 213 1104 303 PouNtruNrtm

220 357 257 419 ad
275 356 507 420 reconciliandos
525 357 627 418 lideles
649 369 715 438 post
732 356 900 436 baptismum
923 356 1032 435 lapsos,
1051 352 1201 436 Apostolis
1220 368 1254 415 et

219 465 318 506 eorum
337 446 470 523 legitimis
489 444 705 504 successoribus
723 444 810 502 fuisse
835 444 1079 512 communicatam,
1098 443 1254 500 universo-

217 551 280 591 rum
298 531 411 590 Petrum
430 549 586 590 consensus
608 547 723 608 semper
744 529 899 598 intellexit,
927 537 958 586 et
979 526 1173 598 Novatianos,
1201 547 1253 586 re-

217 616 348 676 mittendi
365 627 536 697 potestatem
560 616 627 674 olim
648 614 837 693 pertinaciter
858 614 1050 690 negantes1),
1074 631 1178 690 magna
1201 632 1253 671 ra-

170 703 296 764 wttionc
323 703 449 762 ccclesia
477 701 621 760 catbolica
649 710 781 778 tanquam
809 700 974 758 haereticos
1005 697 1130 777 explosit
1160 708 1251 775 atquc

218 785 428 846 condemnavit.
466 785 561 858 Quare
583 787 760 844 verissimum
782 785 857 843 bunc
881 785 993 843 illorum
1015 781 1169 842 verborum
1188 781 1254 840 Do-

216 873 285 930 mini
303 890 415 930 sensum
433 881 533 930 sancta
550 870 623 929 baec
642 869 767 949 synodus
781 870 906 948 probans
921 879 951 928 et
963 869 1116 946 recipiens,
1132 866 1253 926 damnet

216 973 314 1016 eorum
340 957 548 1016 commentitias
574 956 842 1034 interpretationes,
871 955 918 1033 qui
934 954 1023 1013 verba
1042 952 1144 1011 illaad
1163 963 1255 1031 pote-

216 1052 319 1102 statem
337 1039 524 1120 praedicandi
540 1040 658 1100 verbnm
676 1039 740 1111 Dei,
760 1050 790 1098 et
808 1039 914 1098 Christi
939 1039 1118 1116 evangelium
1136 1058 1254 1096 annun-

218 1126 312 1186 ciandi
340 1137 441 1186 contra
467 1124 627 1185 huiusmodi
658 1127 829 1184 sacramenti
861 1126 1067 1183 institutionem
1095 1125 1167 1182 salso
1196 1122 1251 1182 de·

216 1223 360 1292 torquent.

316 1369 343 1412 c.
353 1367 383 1412 ll.
418 1364 459 1411 Dc
469 1364 621 1426 differentia
629 1367 791 1413 sumomonte·
792 1368 970 1426 poenitentiae
978 1372 1006 1413 et
1014 1367 1142 1426 baptismi.

227 1501 232 1506 -
301 1465 435 1526 Ceterum
459 1467 514 1526 boc
538 1477 746 1533 sacramentum
769 1467 864 1525 multis
886 1458 1044 1526 rationibus
1067 1467 1248 1545 abaptismo

215 1551 331 1612 differre
359 1551 585 1630 dignoscitur2).
630 1552 702 1612 Nam
734 1563 933 1632 praeterquam
962 1551 1037 1630 quod
1068 1554 1189 1612 materia
1215 1565 1248 1612 et

212 1638 318 1709 forma,
348 1638 447 1716 quibus
466 1641 638 1698 sacramenti
657 1641 782 1698 essentia
799 1638 956 1718 perficitur,
976 1639 1141 1716 longissime
1159 1636 1247 1697 dissi-

212 1721 275 1780 det:
304 1732 417 1781 constat
436 1733 526 1794 certe,
545 1724 677 1804 baptismi
696 1727 851 1784 ministrum
869 1721 992 1782 indicem
1007 1742 1070 1782 csse
1085 1743 1142 1781 non
1157 1743 1248 1802 opor·

212 1818 290 1879 tere,
319 1827 402 1892 quum
425 1809 552 1868 ccclesia
573 1812 602 1870 in
625 1813 765 1870 neminem
787 1810 921 1869 iudicium
940 1819 1091 1881 exerceat,
1120 1810 1246 1888 quinon

150 1899 153 1906 '
212 1895 289 1973 prius
316 1895 344 1952 in
371 1895 461 1974 ipsam
488 1915 541 1976 per
565 1895 697 1976 baptismi
724 1899 836 1956 ianuam
859 1896 946 1953 luerit
972 1895 1127 1972 ingressus.
1160 1897 1249 1972 ,Quid

212 1981 288 2038 enim
305 1981 386 2052 melai,
405 1981 496 2060 inquit
512 1982 668 2061 Apostolus
678 1983 718 2056 ³),
738 1984 774 2042 de
792 1984 837 2052 aiis,
854 1977 1074 2058 qat'sorissunt
1091 1981 1245 2040 dedicaret

212 2061 304 2123 Secus
322 2076 367 2124 est
385 2064 422 2125 de
441 2065 606 2126 domesticis
624 2067 706 2139 fidei,
726 2087 796 2146 qnos
815 2067 945 2124 Christus
967 2064 1103 2124 Dominus
1126 2066 1242 2124 lavacro

210 2148 345 2227 baptismi
368 2153 411 2209 sui
435 2153 566 2230 corporis
589 2152 714 2211 membra
738 2153 826 2211 semel
845 2153 991 2226 effecit4).
1027 2151 1101 2210 Nam
1123 2151 1191 2222 hos,
1218 2153 1246 2209 si

210 2253 242 2292 se
264 2245 364 2313 postea
393 2236 511 2294 crimine
538 2237 632 2316 aliquo
661 2239 930 2310 contaminaverint,
958 2257 1015 2296 non
1038 2239 1093 2296 iam
1116 2238 1244 2315 repetito

209 2320 350 2398 baptismo
378 2320 470 2392 ablui,
499 2341 581 2400 quum
607 2320 637 2380 id
660 2325 689 2381 in
711 2323 838 2382 ecclesia
861 2323 1005 2383 catholica
1027 2324 1105 2381 nulla
1127 2323 1242 2381 ratione

210 2404 307 2476 licent,
327 2404 378 2464 scd
397 2415 463 2465 ante
482 2406 538 2465 boc
557 2407 679 2468 tribunal
702 2421 834 2488 tanquam
853 2429 920 2468 reos
938 2410 1000 2468 sisti
1017 2409 1120 2480 voluit,
1139 2418 1172 2467 ot
1189 2427 1243 2485 per

129 2523 136 2528 -
210 2488 391 2549 sacerdotum
419 2493 586 2551 sententiam
614 2513 672 2552 non
699 2496 806 2566 semel,
834 2493 886 2553 sed
913 2496 1024 2573 quoties
1047 2495 1082 2553 ab
1110 2491 1243 2552 admissis

209 2577 338 2654 peccatis
361 2575 399 2634 ad
421 2579 511 2654 ipsum
533 2579 715 2656 poenitentes
743 2581 940 2658 confugerint,
967 2591 1086 2659 possent
1112 2579 1241 2638 liberari.
1314 2585 1315 2588 ’

208 2661 291 2719 Alius
317 2673 470 2739 praeterea
497 2674 542 2722 est
567 2664 714 2743 baptismi,
742 2675 772 2724 et
799 2667 870 2725 alins
896 2666 1092 2745 poenitentiae
1120 2666 1240 2723 fructus.
1274 2733 1276 2736 Ι

209 2743 266 2804 Per
286 2746 455 2826 baptismum
481 2750 555 2806 enirn
580 2749 722 2810 Christum
750 2749 939 2826 induentcs⁵)
967 2771 1041 2810 nova
1067 2770 1184 2829 prorsus
1212 2751 1241 2807 in

209 2831 258 2889 illo
278 2832 415 2892 efficimur
432 2845 573 2907 creatura,
592 2836 705 2915 plenam
720 2846 750 2896 et
762 2838 902 2916 integram
917 2847 1102 2916 peecatorum
1117 2837 1240 2895 omnium

209 2919 405 2978 remissionem
429 2931 651 3000 consequentes:
688 2921 724 2980 ad
748 2942 829 3001 qnam
853 2933 948 2981 tamen
971 2923 1125 2980 novitatem
1144 2932 1175 2980 et
1197 2923 1242 2979 in-

208 3005 373 3080 tegritatem
391 3025 446 3085 per
466 3018 673 3066 sacramentum
691 3009 901 3086 poenitentiae,
924 3009 986 3066 sine
1004 3009 1114 3085 magnis
1133 3008 1241 3066 nostris

209 3089 322 3148 lletibus
340 3101 370 3150 ct
388 3090 547 3163 laboribus,
567 3091 662 3152 divina
679 3093 708 3152 id
728 3096 861 3172 exigente
881 3095 998 3164 institia,
1017 3095 1169 3172 pervenire
1188 3111 1241 3150 ne·

162 3189 200 3231 roo
210 3193 347 3253 quaquam
371 3196 533 3254 possumus,
561 3187 592 3236 ut
612 3181 716 3239 merito
739 3181 917 3259 poenitentia
941 3179 1101 3238 laboriosus
1125 3177 1241 3257 quidam

185 3249 402 3352 llbaptismusi)
422 3283 439 3321 a
462 3263 568 3321 sanctis
586 3263 718 3324 Patribus
741 3265 834 3324 dictus
857 3267 952 3324 luerit.
980 3264 1043 3323 ΙΕεῑ
1063 3274 1159 3324 autem
1182 3263 1240 3321 boc

208 3351 415 3406 sacramentum
437 3349 633 3428 poenitentiae
661 3351 747 3428 lapsis
769 3362 835 3431 post
860 3351 1027 3431 baptismum
1055 3349 1091 3408 ad
1118 3350 1240 3408 salutem

209 3434 410 3505 necessarium,
430 3445 461 3492 ut
479 3432 601 3492 nondum
620 3439 799 3512 regeneratis
818 3439 878 3517 ipse
896 3438 1060 3516 baptismus.

156 3711 175 3741 ⁰
261 3714 338 3758 Sene.
353 3713 419 3760 xlv.
448 3723 468 3770 1)
480 3719 564 3764 Enseb.
576 3722 825 3768 tii-t.sccl.v1.e.-
850 3706 1241 3819 tlcffinfradepoen.consuet

209 3779 236 3808 sn
255 3780 273 3808 r.
285 3765 349 3810 Seu.
360 3767 401 3810 VI.
413 3770 507 3814 doinst.
518 3777 576 3816 cll.
586 3797 612 3808 -·
629 3777 650 3826 3)
661 3779 673 3818 1
683 3777 738 3818 Cor.
748 3775 777 3818 V.
788 3780 820 3820 12.
833 3800 859 3809 -
875 3779 899 3831 4)
909 3781 920 3820 l
931 3777 985 3820 Cor.
995 3776 1032 3820 xl
1047 3808 1052 3819 .
1064 3779 1096 3818 te.
1105 3797 1131 3808 -
1148 3779 1162 3817 5
1183 3775 1239 3818 Gel.

208 3777 300 3860 lllffl.
310 3841 336 3851 -
362 3821 383 3870 6)
402 3821 432 3863 cl.
448 3822 518 3876 (leeg.
533 3825 591 3868 Nan.
606 3826 644 3870 or.
663 3826 691 3869 ln
701 3826 877 3871 sanctolumina
887 3831 938 3882 (39),
954 3829 1018 3872 loen.
1029 3828 1135 3871 Damaso.
1151 3778 1180 3869 de
1191 3828 1240 3868 lide

209 3867 337 3912 orthodoxa
346 3869 387 3913 lv.
399 3875 430 3915 to.
1069 3901 1076 3908 ’
