2652 4330
237 235 377 298 SESSlO
403 239 472 296 ΧΠ.
494 241 921 308 earnemcarnem
1043 255 1101 314 81.-

81 391 188 443 nentnm
205 392 236 442 et
252 385 456 445 exaltationem
475 385 542 446 bdei
557 397 587 446 ιι
600 389 749 467 roligionis
760 391 956 468 Christianae,
979 405 1092 456 sacrum

81 469 276 528 oecumenicum
300 480 332 528 et
358 473 495 548 generale
523 474 676 534 concilium
699 475 896 538 Tridentioum
923 480 1002 540 iruta
1029 482 1091 540 ior·

80 574 138 612 mam
159 563 188 612 et
209 563 338 614 tenorem
362 557 508 618 literarum
532 561 703 620 sanctissimi
731 560 837 621 domiui
867 566 957 624 ιοιιιί
981 566 1091 626 resumi

78 639 185 784 pipere,
212 650 243 698 ιι
264 641 478 720 procedendum
501 662 566 704 esse
593 644 631 704 ad
657 647 816 707 ulteriora?
854 647 1089 728 Responderunt.

107 733 173 784 acet.
240 741 243 746 '

405 823 508 868 haieuo
518 825 612 870 lutum
621 827 744 873 sessionis.

148 895 281 956 Placetne
305 898 400 969 vobis,
423 900 581 978 proximam
604 902 727 962 futuram
749 905 906 964 sessionem
927 902 1090 964 babendum

77 981 314 1126 pqnpeleqpppqlpm
338 1001 402 1042 esse
426 985 454 1041 in
477 984 579 1043 futuris
601 984 666 1044 Kal.
691 985 887 1066 Septembris?
922 989 1090 1069 Responde·

471 1231 682 1242 -ιι-ιι--ι

434 1365 614 1417 sueto
639 1367 713 1417 ¹11·

382 1454 479 1505 QUAE
498 1455 568 1501 EST
587 1455 762 1501 SECUNDA

183 1541 284 1608 SUB
321 1541 479 1609 lULlO
516 1543 574 1607 111.
609 1543 769 1609 PON'l'.
805 1545 958 1628 Mna,

455 1665 685 1717 cannenses

282 1763 347 1808 ors
365 1763 483 1808 rurus
501 1735 739 1810 succerionis
758 1766 860 1814 nota.

128 1894 362 1940 DECRETUM
391 1894 749 1940 Pnouotsartonts
780 1897 1018 1961 susstortls

143 1990 334 2052 Sacrosancta
353 1993 539 2051 oecumenica
557 2001 587 2050 ιι
604 1992 748 2069 generalis
762 1990 931 2052 Tridentino
949 1993 1085 2074 synodus,

74 2074 96 2131 in
115 2073 214 2156 Spiritu
240 2087 343 2139 sancto
367 2078 493 2156 legitime
518 2087 710 2154 congregata,
737 2077 1003 2158 praesidentibus
994 2101 1024 2138 ιιι
1052 2099 1088 2139 aa

74 2161 163 2221 eisdem
185 2174 303 2224 sanctae
331 2161 408 2222 sedis
434 2163 611 2241 apostolicae
639 2164 737 2241 legato
760 2175 790 2223 et
812 2166 938 2237 nunciis,
967 2168 1087 2245 quaein

74 2250 183 2321 proxime
200 2249 392 2336 praeterita
379 2251 507 2308 sessione
530 2258 696 2326 sequentem
719 2249 793 2308 banc
817 2249 904 2310 hodie
927 2251 1086 2311 habendam

75 2333 142 2392 etad
159 2336 298 2394 ulteriora
315 2321 530 2434 procedendum
549 2353 613 2392 esse
632 2332 814 2406 decreverat,
834 2355 917 2414 quum
936 2337 973 2395 ob
993 2338 1086 2416 incly

74 2424 110 2474 tao
126 2423 305 2496 germanicae
325 2422 459 2491 nationis,
480 2420 559 2478 cuins
577 2421 734 2498 praecipue
753 2440 838 2480 causa
858 2423 963 2499 agitur,
982 2422 1086 2482 absen-

74 2501 139 2573 tiam,
164 2525 196 2564 ac
216 2527 275 2565 non
298 2525 427 2583 maguam
452 2516 615 2564 ceterorum
633 2505 749 2564 Petrum
772 2507 962 2586 frequentiam
980 2529 1086 2586 proce·

73 2584 129 2646 dere
149 2590 286 2652 hactenus
309 2591 465 2661 distulerit,
489 2589 525 2650 de
547 2591 753 2650 venerabilium
776 2593 805 2650 iu
829 2592 943 2651 Cbristo
967 2594 1086 2652 fratrum

74 2680 97 2728 et
111 2673 221 2744 filiorum
240 2697 366 2749 snorum,
384 2675 545 2754 llloguntini
564 2687 594 2735 et
607 2676 785 2736 Trevircnsis
803 2679 1085 2758 archiepiscoporum

74 2765 181 2820 sesacni
201 2763 348 2821 Romani
340 2763 451 2841 imperii
474 2763 633 2841 principum
652 2762 823 2835 electorum,
851 2774 881 2823 et
898 2765 1085 2842 complurium

74 2841 144 2918 ipsius
165 2849 340 2948 aliarumque
363 2849 573 2926 provinciarum
600 2849 800 2926 episcoporum
824 2850 875 2908 sub
898 2848 1003 2908 hanc'
995 2869 1084 2949 ipsam

73 2925 132 2988 diem
149 2932 298 2992 adventu
290 2955 318 2991 ιιι
337 2933 459 2992 Domino
478 2935 636 3004 exsultans,
657 2943 687 2992 et
705 2933 831 3034 dignas
824 2937 884 3011 apsi
897 2935 1085 3011 omnipotenti
1118 2969 1123 2979 =

73 3008 122 3072 lieo
138 3037 223 3095 agens
242 3021 359 3097 gratias,
380 3019 543 3097 firmamque
562 3037 640 3097 spem
660 3019 840 3096 concipiens,
865 3018 1085 3096 quamplurimos

73 3098 130 3158 alios
148 3107 227 3162 am
219 3106 308 3183 ipsius
328 3102 498 3163 Germaniae
518 3123 600 3183 quam
623 3103 740 3162 aliarum
760 3105 907 3161 nationum
927 3105 1084 3186 praelatos,

73 3192 96 3239 ιι
109 3189 146 3245 sui
164 3189 248 3249 officii
267 3189 366 3249 debito
384 3199 415 3249 et
432 3190 487 3249 boc
503 3189 634 3267 exemplo
649 3199 817 3260 commotos,
837 3179 1004 3268 propediem
1019 3209 1084 3249 esse
1181 3227 1189 3238 =

72 3281 203 3346 venturos,
230 3277 352 3335 futuram
376 3276 532 3335 sessionem
556 3274 591 3334 ad
620 3273 865 3355 quadragesimam
893 3272 982 3345 diem,
1011 3293 1084 3354 quae

73 3357 117 3412 erit
133 3358 278 3420 undecima
301 3362 405 3421 mensis
429 3359 563 3420 Octobris
586 3361 715 3439 proxime
730 3361 897 3441 sequentis,
921 3360 1035 3432 indicit,
1054 3371 1086 3420 et

74 3443 234 3503 concilium
226 3467 315 3525 ipsum
334 3449 362 3505 iu
381 3456 465 3518 statu,
484 3447 513 3504 in
533 3466 587 3526 quo
601 3448 754 3526 reperitur,
773 3445 983 3525 prosequendo,
1000 3467 1083 3526 quum

72 3523 95 3580 ἰι
113 3534 269 3605 praeteritis
291 3532 465 3592 sessionibus
489 3530 525 3591 de
548 3544 658 3612 septem
680 3533 867 3591 sacramentis
890 3551 982 3591 novae
1010 3533 1083 3610 legis

73 3607 95 3664 ἰι
110 3631 220 3688 genere,
239 3629 269 3676 et
285 3621 314 3676 iu
333 3622 431 3699 specie
450 3617 486 3678 de
504 3619 674 3698 baptismate
697 3628 727 3677 et
745 3619 961 3724 confirmatione
980 3617 1082 3677 delini·

73 3701 118 3753 ton
139 3700 234 3774 inerit,
262 3707 361 3763 statuit
382 3715 412 3765 et
436 3704 580 3776 deceruit,
610 3705 646 3764 de
669 3691 864 3764 sanctissimae
890 3705 1081 3764 eucharistiae

74 3796 244 3861 sacramento,
262 3810 385 3862 necnon,
405 3789 481 3870 quod
500 3791 537 3850 ad
556 3791 789 3850 reformationem
813 3792 929 3860 attinet,
951 3788 990 3847 de
1013 3790 1083 3848 reli·

74 3867 135 3940 llis,
160 3893 230 3952 quae
252 3874 288 3935 ad
312 3879 471 3937 faciliorem
495 3889 525 3937 et
547 3874 768 3937 commodiorem
792 3877 985 3955 praelatorum
1008 3875 1082 3934 resi·
