2654 4334
278 255 360 311 ren
378 253 543 338 concis.
562 255 675 310 roro.
692 228 949 312 innovaris.
1043 261 1124 320 sa·

90 395 249 543 ⁴primatium
271 397 330 459 tale
353 397 458 456 laetum
481 397 579 457 valere
598 394 634 455 ad
652 392 783 457 iniuriam
802 395 903 477 ipsius,
928 399 974 478 qui
993 419 1055 459 eun
1076 420 1124 460 or·

123 485 213 542 navit.

171 599 411 667 ALEXANDEll
430 601 480 661 lli.
501 601 542 661 ΙΝ
561 600 742 662 CONClthl
761 601 1045 665 LATlililiNllNSl.¹

88 687 133 756 Ex
153 708 198 754 llb.
217 708 236 756 l.
255 705 439 768 llecrctaliuur¹
457 706 497 755 tit.
517 708 558 756 Vl.
578 707 609 754 de
628 707 756 754 electione
774 712 800 756 et
819 708 896 756 electi
914 711 1051 770 potestate,
1067 722 1088 756 c.
1099 710 1124 756 τ.

443 783 519 839 (Sese.
529 783 585 828 vlt.
596 785 625 828 ‹lc
634 784 678 828 rei.
689 799 740 842 cap.
752 789 781 839 t.)

180 876 269 949 Quum
293 877 322 934 in
340 878 457 935 cunctis
480 878 570 936 serris
592 874 739 938 ordinibus
763 887 793 936 et
812 878 1018 938 ecclesiasticis
1041 880 1124 938 mini-

88 963 192 1026 steriis
217 963 273 1024 siut
299 964 403 1026 astatis
430 963 597 1032 maturitas,
629 964 756 1040 gravitas
783 983 891 1024 morum
920 975 950 1022 et
975 965 1123 1026 literarum

88 1048 215 1108 seientia
236 1045 438 1125 inquirendae,
467 1048 554 1108 multo
578 1048 680 1108 lortius
703 1049 730 1107 in
751 1051 888 1128 episcopo
911 1050 983 1110 haec
1007 1060 1122 1129 oportet

88 1133 206 1212 inquiri,
226 1133 283 1210 qui,
302 1130 340 1191 ad
359 1133 479 1192 aliorum
499 1152 594 1193 curans
613 1136 737 1211 positus,
756 1137 834 1194 inse
853 1136 915 1213 ipso
928 1133 1124 1195 dehctosten·

90 1219 177 1289 dem,
205 1218 329 1297 qualiter
354 1219 428 1279 alios
451 1220 480 1277 in
504 1217 588 1278 domo
611 1217 666 1278 Dei
689 1230 823 1300 oporteat
848 1222 1025 1280 conversari.
1078 1221 1121 1280 lia

89 1314 222 1384 propter,
242 1322 277 1362 ne
293 1302 369 1382 quod
383 1301 420 1362 de
436 1304 600 1382 quibusdam
615 1324 668 1384 pro
683 1307 857 1366 necessitate
868 1309 1004 1388 temporis
1015 1305 1120 1366 iactum

92 1401 137 1451 est
156 1389 323 1450 mallatura
340 1391 464 1468 posteris
483 1391 511 1450 in
531 1391 701 1470 exemplum,
719 1391 867 1471 praesenti
886 1391 1005 1453 decreto
1021 1395 1122 1453 statui·

90 1495 163 1546 rous,
180 1486 216 1533 ut
232 1475 325 1536 nulus
342 1477 371 1536 in
390 1477 555 1556 episcopum
573 1477 707 1554 eligatur,
732 1478 786 1536 nisi
806 1479 853 1558 qui
871 1478 926 1538 iam
945 1479 1120 1558 trigesimum

88 1581 195 1620 annum
218 1563 320 1620 aetatis
339 1562 486 1639 exegerit,
510 1572 541 1620 et
563 1559 598 1622 tle
618 1562 747 1640 legitimo
770 1565 951 1622 matrimonio
971 1565 1007 1622 sit
1025 1576 1123 1638 natus;

88 1648 140 1725 qui
159 1648 244 1706 etiam
263 1647 323 1706 vita
341 1657 372 1705 et
388 1648 510 1706 scientia
529 1647 764 1708 commendabilis
783 1645 1005 1708 demonstretur.

447 1781 687 1842 ALEXAttostt
709 1783 761 1848 lli.

417 1913 419 1918 .
467 1887 528 1936 ibid.
546 1887 569 1944 ξ.
588 1887 733 1952 Inferiore.

405 1965 480 2018 (Sese.
490 1965 583 2010 xxtv.
594 1967 622 2010 rlc
632 1965 726 2009 reform.
737 1979 757 2010 c.
769 1969 812 2022 12.)

176 2056 317 2118 Interiora
344 2060 430 2118 etiam
457 2059 628 2129 ministeria,
661 2068 691 2116 ut
717 2069 785 2138 puta
813 2057 996 2130 decommum,
1025 2061 1120 2120 archi·

88 2143 287 2216 diaconatum,
311 2154 341 2202 et
363 2145 433 2216 alia,
458 2164 529 2224 quae
554 2165 650 2203 curam
669 2146 825 2204 animarum
843 2144 951 2204 habent
969 2165 1119 2218 annexam,

87 2230 181 2290 nullus
201 2231 315 2288 omnino
334 2231 479 2308 suscipiat,
499 2228 549 2289 sed
564 2249 618 2289 nec
633 2230 807 2311 parochialis
821 2231 964 2290 ecclesiae
979 2235 1119 2310 regimen,

87 2315 142 2374 nisi
167 2316 214 2394 qui
238 2316 291 2376 iam
314 2315 481 2392 vigesimum
505 2318 629 2394 quintum
658 2336 759 2376 auruum
787 2318 890 2376 aetatis
918 2319 1061 2396 attigerit,
1090 2329 1120 2377 et

86 2402 212 2461 scientia
240 2411 269 2462 et
296 2401 422 2460 moribus
450 2399 692 2462 commendandus
723 2405 852 2461 exsistat.
907 2401 996 2475 Quum
1024 2413 1118 2462 autem

85 2497 248 2568 assumptus
266 2487 363 2558 luerit,
383 2489 406 2546 si
426 2485 648 2547 archidiaconus
666 2491 695 2546 in
714 2487 875 2556 diaconum,
895 2500 926 2549 et
944 2488 1070 2549 decanus
1089 2500 1119 2548 et

85 2573 191 2652 reliqui
210 2571 346 2632 admoniti
370 2593 427 2631 nou
447 2573 553 2632 luerint
575 2573 705 2652 praefixo
724 2594 741 2634 a
761 2573 917 2633 canonibus
941 2585 1070 2656 tempore
1089 2577 1117 2635 in

84 2659 274 2740 presbyteros
298 2655 437 2728 ordinati,
461 2669 491 2717 et
509 2659 544 2718 ab
564 2661 619 2717 isto
643 2671 845 2718 removeantur
868 2659 976 2732 officio,
1001 2672 1031 2720 et
1055 2662 1118 2722 aliis

86 2745 264 2815 conteratur,
285 2745 331 2822 qui
351 2755 381 2806 et
397 2744 487 2804 velint
501 2754 531 2803 et
543 2745 655 2823 possint
672 2741 741 2802 illud
760 2746 968 2809 convenienter
985 2747 1115 2826 implere.

86 2829 152 2890 Nec
172 2830 265 2908 prosit
279 2831 321 2888 eis
335 2830 536 2908 appellationis
555 2830 705 2907 refugium,
726 2829 750 2887 si
768 2829 844 2888 forte
860 2830 888 2887 in
904 2833 1115 2898 constitutionis
1131 2851 1168 2893 sss

85 2918 170 2974 istius
196 2917 454 2993 transgressionem
482 2935 535 2994 per
561 2915 783 2995 appellationem
811 2915 955 2973 voluerint
977 2935 1007 2974 se
1032 2919 1115 2976 tueri.
1217 2955 1222 2981 .

85 3001 151 3061 Hoc
175 3020 245 3060 sane
268 3021 325 3060 non
349 3003 439 3060 solum
458 2999 494 3060 de
513 3000 729 3080 promovendis,
752 2998 804 3060 sed
827 3000 913 3059 otiam
932 3000 968 3059 de
987 3000 1044 3072 his,
1068 3004 1116 3080 qui

84 3089 142 3148 iam
161 3089 287 3166 promoti
303 3098 382 3158 suut,
407 3088 431 3145 si
450 3106 575 3146 canones
598 3108 655 3146 non
677 3086 831 3158 obsistant,
855 3087 1045 3166 praecipimus
1065 3087 1116 3146 oh·

83 3192 205 3232 servam.

162 3307 403 3370 ALEXANDER
420 3308 471 3368 111.
492 3307 533 3368 ΙΝ
553 3303 736 3370 CONClthl
754 3307 1039 3370 Lttsnattsttsr.

81 3413 124 3462 Ex
143 3415 187 3463 lib.
206 3415 249 3464 ill.
268 3413 457 3474 Decrctslium‚
480 3413 520 3460 tit.
538 3415 582 3462 lv.
601 3414 632 3459 (le
651 3414 754 3462 clericis
776 3429 828 3463 non
846 3412 1029 3467 residentibus,
1049 3427 1071 3460 c.
1091 3416 1116 3461 ⁸.

432 3491 506 3545 (San.
517 3491 572 3535 Vll.
583 3492 612 3535 dc
622 3491 667 3535 rei.
679 3503 730 3547 cap.
740 3495 771 3546 a.)

171 3583 244 3660 Quia
264 3586 400 3656 nonnulli,
420 3583 532 3644 modum
552 3585 690 3643 avaritiae
710 3603 766 3642 non
785 3595 934 3662 ponentes,
959 3583 1118 3663 dignitates

82 3669 213 3732 diversas
235 3671 450 3734 ecclesiasticas
474 3681 504 3730 et
525 3671 621 3750 plnres
645 3670 785 3729 ecclesias
808 3670 990 3749 parochiales
1012 3680 1114 3729 eontra

79 3774 230 3818 sacrorum
251 3766 390 3817 canonum
409 3759 538 3818 instituta
556 3759 683 3815 nituntur
700 3756 845 3834 accipere,
868 3766 908 3825 ut,
928 3775 1010 3833 quum
1029 3775 1113 3814 unum

81 3843 205 3904 officium
228 3845 276 3902 vix
298 3844 416 3924 implere
440 3841 593 3914 sufficiant,
617 3839 758 3922 stipendia
782 3841 836 3899 sibi
858 3837 1006 3900 vindicent
1023 3842 1113 3918 pluri·

79 3937 205 4002 morum,
233 3948 270 3988 nc
297 3928 325 3988 it
353 3927 389 3988 de
415 3938 514 3988 cetero
543 3930 592 3989 liat
619 3927 776 3988 districtius
797 3926 966 3985 inhibemus.
1020 3926 1112 3998 Quum
