2654 4334
303 256 387 308 reu
407 255 571 314 commem
591 255 706 310 reru.
723 230 977 311 removisse.
1070 257 1156 314 ue·
1254 230 1258 241 ’

119 417 179 476 pus
196 393 335 454 reddatur
352 415 388 455 eo
410 397 473 475 ipso
500 393 632 456 inhabilis
660 393 695 456 ad
723 397 950 456 ecclesiasticum
977 397 1146 457 heneficium

123 479 320 542 obtinendum

128 607 137 614 -
211 565 291 625 Idem
311 585 434 645 quoque
441 586 588 627 censemus
609 565 646 624 de
666 566 780 626 clericis
803 565 879 637 aliis,
901 577 1009 624 vestem
1029 568 1146 626 talarem

122 651 257 712 simulet
278 661 422 712 tonsuram
444 652 556 731 publice
581 649 776 710 deferentibus
799 650 971 710 clericalem.
1017 651 1147 730 Dignita-

121 747 185 800 tem
203 755 283 807 vero,
301 735 482 818 perdonatum
501 735 552 796 seu
570 735 739 800 beneficium
758 734 834 795 aliud
853 736 993 806 obtinens,
1014 739 1059 796 cui
1079 755 1147 796 cura

121 823 273 886 immineat
293 823 461 893 animarum,
490 841 543 881 nee
566 841 622 880 uon
646 823 737 898 ceteri
760 823 788 879 ie
807 819 970 881 sacerdotio
990 822 1146 893 constituti,

122 927 161 971 ac
181 906 309 984 religiosi
329 907 461 985 quilibet,
489 926 560 986 quos
582 916 698 986 oportet
719 925 772 985 per
789 904 948 966 decentiam
968 906 1079 966 habitus
1097 925 1148 965 ex·
1202 931 1206 968 :

122 991 246 1050 trinseci
272 1010 392 1055 morum,
407 993 590 1054 intrinsecam
612 992 790 1052 honestatem
813 989 981 1062 ostendere,
1008 994 1032 1050 si
1051 994 1149 1070 (prae-

122 1086 255 1156 terquam
269 1095 401 1140 excausa
420 1076 596 1158 rationabili)
614 1075 727 1157 publico
739 1087 847 1136 vestem
867 1075 1154 1146 ieranthuiusmodi,

124 1171 177 1226 aut
194 1162 309 1222 infulam
328 1181 378 1226 seu
397 1163 500 1240 pileum
518 1162 622 1224 lineum
641 1159 754 1241 publice
776 1172 893 1241 portent
909 1163 938 1222 in
961 1163 1070 1241 eapite,
1093 1161 1151 1222 sint

125 1265 164 1306 eo
184 1246 259 1324 ipso,
288 1243 451 1309 beneficiati
469 1245 617 1317 videlicet,
641 1267 659 1306 a
676 1246 863 1327 perceptione
882 1247 1021 1306 fruetuum
1040 1245 1150 1308 beneb-

126 1333 251 1402 ciorum‚
271 1349 343 1410 queo
362 1331 504 1402 obtinent,
528 1332 655 1411 suspensi
674 1351 727 1410 per
744 1351 855 1392 annum.
900 1331 997 1394 Ceteri
1015 1350 1085 1393 uero
1103 1351 1150 1392 sa·

127 1414 264 1480 eerdotcs
286 1426 317 1484 et
338 1413 466 1494 religiosi
490 1417 608 1495 quilibet
629 1437 682 1495 per
703 1415 778 1478 idem
801 1427 911 1496 tempus
933 1414 1089 1476 reddantur
1106 1419 1150 1476 in-

126 1499 239 1562 habiles
253 1499 294 1568 ‚ed
313 1499 499 1581 quodcunque
517 1501 687 1564 heneficium
706 1503 934 1563 ecclesiasticum
953 1501 1148 1562 obtinendum.

127 1583 190 1648 Sed
208 1596 238 1644 et
255 1588 327 1646 tales
346 1597 375 1646 et
394 1588 483 1646 ceteri
508 1589 666 1665 quicunque
690 1587 791 1646 clerici
812 1597 925 1646 utentes
947 1588 1075 1666 epitogio
1099 1605 1150 1648 eeu
1239 1635 1243 1647 ,

126 1669 249 1732 hahardo
268 1669 400 1731 foderato
419 1680 507 1751 usque
525 1671 562 1732 ad
581 1692 668 1742 nram,
691 1683 722 1732 et
743 1673 783 1730 ita
801 1670 890 1741 brevi,
909 1669 985 1750 quod
1002 1673 1089 1733 vestis
1107 1672 1151 1732 iu·

126 1757 221 1817 ferior
239 1756 403 1819 notabiliter
419 1757 563 1827 videatur,
587 1758 742 1836 epitogium
761 1757 851 1834 ipsum
868 1757 1032 1816 saeculares
1050 1757 1156 1818 clerici·

127 1851 158 1900 et
181 1842 310 1918 religiosi
332 1841 603 1902 administrationem
631 1840 768 1902 habentes
796 1851 948 1902 teneantur
972 1844 1045 1903 iutra
1073 1861 1152 1902 men
1235 1883 1238 1890 ι

122 1945 188 1986 sem
213 1924 281 1984 dare
310 1927 494 2005 pauperibus,
517 1927 608 1988 ceteri
629 1945 699 1986 vero
716 1925 852 2003 religiosi
878 1925 1150 1988 administrationem
1164 1943 1202 1984 ιιι

124 2011 267 2070 babentes
294 2013 370 2072 iutra
400 2011 475 2071 idem
498 2022 608 2090 tempus
625 2009 695 2076 illud
713 2020 865 2071 teneantur
883 2013 948 2072 ouis
953 2003 1155 2089 superioribus

127 2097 287 2173 assignare,
314 2097 425 2198 inpios
447 2117 513 2156 usus
535 2097 644 2176 aliquos
668 2094 901 2157 convertendum
946 2095 1082 2180 Alioquin
1100 2095 1151 2158 lte·

124 2181 256 2242 neheiati
283 2183 489 2260 suspensionis,
517 2184 609 2244 ceteri
634 2201 705 2242 vcro
727 2181 911 2242 inhabilitatis
938 2201 1046 2260 poenam
1067 2199 1155 2260 prae·,

127 2265 221 2330 dietas
239 2264 384 2344 peridem
403 2277 562 2347 tempusue
581 2269 713 2328 noverint
729 2267 893 2328 iucurrisse.

215 2350 287 2410 Huic
309 2353 426 2432 iusuper
447 2351 594 2412 adiicimus
616 2353 778 2428 sanctioni„
798 2362 830 2411 ut
851 2353 964 2423 elerici,
984 2352 1151 2429 praesertim

125 2436 308 2509 beneficiati,
328 2438 428 2514 caligis
446 2439 583 2508 seacatis,
610 2438 706 2498 rubeis
732 2447 782 2498 aut
802 2435 940 2499 viridibus
962 2436 1075 2515 publice
1094 2450 1157 2500 uon.

128 2531 254 2580 utantur.
505 2543 507 2548 ·

268 2691 448 2752 CLEMENS
468 2692 506 2751 V.
527 2691 568 2751 IN
587 2692 767 2760 conuitio
787 2691 1013 2754 VIENNENSl.

172 2811 214 2858 Ex
233 2811 399 2860 Clementinis
417 2813 459 2860 lib.
479 2814 528 2872 iti,
548 2812 587 2860 tit.
605 2812 650 2858 xt.
672 2811 703 2858 de
720 2811 848 2874 religiosis
867 2812 990 2873 domibus,
1010 2827 1064 2871 ιιι).
1085 2813 1107 2858 ².

225 2905 300 2962 (θυι.
309 2906 365 2951 vti.
376 2908 405 2950 de
414 2907 507 2952 reform.
518 2920 568 2964 erp.
579 2909 611 2958 15.
623 2912 647 2950 et
657 2905 721 2949 sin.
732 2905 810 2980 XXV.
821 2908 849 2950 de
859 2907 952 2950 tainum.
964 2920 1015 2962 cap.
1025 2912 1055 2959 8.)
1152 2919 1156 2928 ¹

216 3016 288 3089 Quia
307 3017 448 3094 contingit
466 3013 615 3085 interdum,
644 3013 719 3094 quod
740 3013 994 3085 xenodochiorum,
1023 3016 1150 3093 leprosa·

125 3101 249 3173 riarum,
277 3101 565 3180 eleemosynariarum
583 3119 633 3160 seu
650 3099 830 3178 hospitalium
850 3109 993 3168 rectores,
1021 3100 1149 3158 locorum

126 3188 253 3264 ipsorum
265 3206 332 3246 eura
342 3185 689 3264 postposita,bona,reset
698 3185 760 3246 iura
770 3187 893 3264 ipsorum
904 3183 1043 3242 interdum
1053 3183 1088 3243 ah
1100 3204 1151 3244 oe·

123 3279 295 3350 eupatorem
306 3282 336 3331 et
345 3281 541 3351 usurpatorum
551 3270 678 3330 manibus
688 3282 824 3330 excutere
835 3270 991 3348 negligunt,
998 3270 1148 3346 quinimmo

124 3375 165 3414 ea
179 3357 284 3416 collabi
300 3367 329 3416 ct
343 3354 471 3435 deperdi,
482 3354 579 3414 domos
591 3365 620 3414 et
630 3354 762 3414 aedilicia
771 3357 859 3415 ruinis
869 3353 1023 3414 deformari
1033 3355 1150 3433 permit-

125 3451 200 3511 tunt,
212 3451 242 3502 et
251 3462 307 3500 uon
317 3439 519 3520 attento‚quod
529 3441 594 3500 loca
604 3442 664 3520 ipsa
674 3439 710 3500 ad
721 3440 775 3499 boc
786 3440 901 3499 fundata
912 3450 941 3499 et
952 3437 1073 3498 bdelium
1084 3457 1150 3496 ero·

123 3527 292 3604 gationihus
311 3525 410 3586 dotata
428 3528 556 3597 inerunt,
584 3536 614 3584 ut
636 3545 776 3605 pauperes
798 3526 953 3604 infectique
976 3525 1056 3602 lepra
1075 3525 1161 3608 reci-¹

125 3609 266 3688 perentur
279 3611 358 3683 inihi,
378 3620 408 3671 et
425 3631 461 3672 ex
479 3610 662 3690 proventibus
676 3621 903 3671 sustentarentur
915 3611 1037 3680 illorum,
1056 3608 1085 3667 id
1102 3629 1150 3668 re-

127 3707 216 3754 nuunt
235 3696 424 3756 inhumaniter
441 3698 549 3768 iacere,
568 3707 722 3776 proventus
736 3695 875 3756 eosdem
867 3717 895 3756 ιιι
911 3715 975 3755 usus
990 3714 1056 3754 suos
1071 3693 1150 3754 dam·
1207 3747 1215 3760 ,

124 3781 296 3840 nobiliter·
281 3792 495 3852 convertentes,
520 3802 600 3860 quum
621 3793 715 3842 tamen
734 3801 778 3853 ea,
798 3801 869 3861 quae
887 3779 924 3840 ad
944 3792 1051 3842 eertum
1070 3799 1147 3840 usum
1180 3769 1234 3806 ⁰·

125 3864 281 3944 largitione
299 3878 364 3930 sunt
382 3867 524 3928 destinata
547 3866 685 3940 bdelium,
712 3865 749 3927 ad
772 3867 848 3928 illurn
873 3865 1010 3938 debeant,
1037 3885 1093 3924 nou
1109 3859 1164 3923 ed
