2654 4330
236 241 411 306 ‚sess-ro
438 209 929 300 successurorum.
1022 215 1104 306 noo

88 383 278 462 accipiant¹);
297 380 422 459 alioquin
441 382 578 442 simoniae
596 383 694 442 vitium
712 393 770 444 tam
787 383 843 462 ipsi
859 377 942 463 quarn
960 384 1010 445 'atti
1032 384 1104 446 dan·

86 482 125 529 tes
142 470 302 538 incurrant,
330 485 420 546 aquo
439 466 549 526 absolvi
565 477 710 546 nequeant
727 469 782 528 nisi
805 467 926 530 dimissis
945 470 1102 544 beneflciis,

86 573 152 632 quac
171 549 428 631 quomodocunque
451 553 538 612 etiam
560 563 645 614 antea
668 551 850 624 obtinebant,
878 565 909 616 et
934 554 1051 615 ad'alia
1074 558 1103 615 in

86 649 223 716 posterum
248 635 389 697 inhabiles
407 635 574 700 reddantur.
618 637 657 696 Et
673 636 710 698 de
727 637 772 698 bis
791 639 920 700 omnibns
937 659 994 698 non
1012 641 1103 700 solum

86 741 175 782 coram
198 723 278 793 Deo,
306 720 357 783 scd
384 722 470 782 etiam
497 724 525 782 in
552 721 663 802 synodo
685 724 869 802 provinciali,
896 725 921 785 ai
939 743 1010 804 opus
1037 727 1102 797 erit,

84 810 217 866 rationem
246 805 371 868 reddere
393 817 560 879 teneantur,
587 827 694 887 aqna,
718 809 743 867 si
768 806 834 886 quid
857 819 959 869 contra
981 808 1104 870 officium

86 913 131 952 eos
157 894 264 952 iecisse
293 901 469 972 compertum
496 893 593 965 inerit,
620 894 748 971 graviter
773 894 834 953 eins
862 894 982 954 arbitrio
1009 896 1104 974 puniri

85 980 196 1056 possint.
252 976 377 1044 Peracto
403 972 508 1038 deinde
531 979 663 1038 examine
691 979 896 1041 renuncientnr
923 980 1103 1059 quotcunque

87 1063 118 1122 ub
136 1065 177 1124 bis
194 1061 295 1123 idonei
313 1061 432 1122 indicati
450 1063 558 1125 fuerint
574 1074 686 1136 aetate,
711 1062 851 1135 moribus,
870 1063 1017 1137 doctrina,
1035 1085 1104 1144 pru·

87 1147 187 1218 beotia,
219 1159 250 1207 et
278 1149 341 1208 aliis
368 1148 455 1208 rebus
482 1147 690 1210 advocantem
714 1151 867 1210 ecclesiam
891 1149 1104 1230 gubernandam
1158 1200 1161 1207 ,

88 1235 257 1311 opportunis.
304 1233 349 1301 ‚Ex
367 1233 466 1313 hisque
486 1235 637 1313 episcopus
655 1252 719 1296 eum
737 1235 875 1312 atigar²)‚
896 1256 978 1315 quem
997 1237 1104 1296 ceteris

86 1321 167 1395 magis
183 1318 325 1398 ,idoneum
344 1318 528 1390 iudicaverit,
556 1330 641 1398 atque
663 1320 719 1391 ilii,
740 1330 771 1378 et
788 1339 844 1378 non
863 1321 961 1393 alteri,
986 1322 1103 1381 collatio

89 1405 222 1464 ecciesiae
246 1405 284 1462 ab
312 1423 348 1463 eo
371 1404 435 1476 fiat,
459 1402 496 1462 ad
520 1423 602 1482 quem
625 1403 767 1484 spectabit
786 1425 848 1464 cam
872 1408 1017 1466 conferre.
1072 1403 1104 1465 Si

87 1506 148 1546 vero
167 1491 236 1548 iuris
259 1500 429 1568 patronatus
452 1490 644 1550 ecclesiastici
667 1491 738 1562 erit,
766 1509 800 1550 ac
824 1493 963 1552 institutio
987 1490 1023 1551 ad
1043 1493 1105 1570 epi-

88 1591 204 1652 scopum,
224 1585 255 1633 et
278 1594 335 1632 uon
353 1574 388 1633 ad
407 1574 492 1633 alium
511 1577 663 1653 pertineat,
683 1577 716 1645 is,
737 1595 819 1653 quem
837 1586 974 1654 patronus
989 1575 1104 1654 dignio-

88 1677 141 1716 rem
167 1661 243 1720 inter
269 1659 408 1740 probatos
440 1661 475 1719 ab
503 1655 745 1719 examinatoribus
776 1659 928 1732 iudicabit,
965 1662 1103 1740 episcopo

88 1755 265 1820 praesentare
294 1746 481 1820 teneatur2),
512 1755 543 1804 ut
570 1746 605 1804 ab
634 1765 670 1805 eo
698 1746 870 1805 instituatur.
917 1745 1006 1819 Quum
1032 1765 1103 1806 vero

88 1828 217 1888 institutio
237 1831 275 1889 ab
294 1831 365 1902 aiio,
382 1850 472 1908 quam
491 1830 526 1889 ab
546 1832 697 1910 episcopo,
717 1831 773 1888 erit
790 1829 937 1902 iacienda,
956 1842 1023 1891 tunc
1043 1832 1105 1910 epi·
1135 1872 1140 1895 .

90 1931 182 1993 scopus
205 1917 284 1974 solus
308 1935 345 1974 ex
371 1915 464 1994 dignis
491 1915 580 1992 eligat
601 1913 773 1991 digniorem,
813 1934 895 1993 quern
916 1927 1054 1995 patronus
1076 1917 1106 1976 ei

89 2011 258 2072 praesentet,
288 2000 327 2060 ad
348 2021 430 2080 quem
449 2002 588 2060 institutio
607 2009 727 2078 spectat.
773 1997 856 2073 Quod
874 2001 899 2060 si
917 2002 988 2061 iuris
1004 2011 1105 2080 patro-

90 2094 162 2143 natus
181 2087 320 2146 laicorum
338 2089 435 2159 fucrit,
454 2085 559 2145 debeat
574 2086 621 2164 qui
639 2104 654 2143 a
673 2095 795 2163 patrono
809 2096 1008 2164 praesentatus
1017 2085 1106 2146 fuerit

91 2167 120 2226 ab
137 2169 241 2230 eisdem
261 2171 405 2250 deputatis
424 2182 557 2250 utsupra
580 2170 750 2241 examinari,
766 2182 804 2230 'et
827 2190 884 2230 uon
907 2172 961 2232 nisi
981 2170 1104 2234 idoneus

91 2267 210 2332 repertus
238 2259 328 2317 fuerit
355 2256 475 2316 admitti.
529 2257 561 2315 ln
584 2256 769 2334 omnibusque
792 2255 964 2335 supradictis
991 2256 1104 2316 casibus

91 2357 140 2396 non
157 2344 288 2423 cuiquam
312 2342 410 2415 alteri,
434 2361 514 2420 quam
534 2344 582 2400 uni
601 2361 637 2400 ex
656 2339 813 2421 praedictis
832 2344 1001 2401 examinatis
1020 2353 1051 2401 et
1068 2342 1104 2401 ab

92 2428 323 2488 examinatoribus
342 2428 517 2506 approbatis,
535 2428 616 2487 iuxta
633 2425 824 2505 supradictam
842 2427 981 2506 regulam,
1000 2425 1036 2486 de
1055 2446 1106 2486 eo-

92 2509 170 2570 elesia
191 2512 392 2592 provideatur,
420 2532 474 2572 nec
497 2511 710 2591 praedictorum
739 2513 963 2572 examinatorum
985 2513 1106 2572 relatio·

92 2611 160 2668 nem,
179 2617 234 2676 quo
254 2600 346 2657 minus
365 2599 579 2657 exsecutionem
598 2598 717 2669 babeat,
745 2598 803 2657 ulla
823 2596 971 2665 devolutio.
987 2608 1037 2657 aut
1054 2617 1105 2676 ap-

92 2680 212 2755 peliatio,
237 2686 324 2744 etiarn
343 2681 380 2742 ad
399 2682 496 2744 sedem
515 2684 716 2761 apostoticam,
740 2685 800 2742 sive
820 2682 946 2742 eiusdem
967 2682 1045 2744 sedis
1063 2683 1157 2746 le-no

94 2775 168 2838 patos
184 2780 233 2828 aut
249 2770 442 2848 vicelegatos,
462 2777 511 2826 aut
528 2769 656 2838 nuncios,
676 2787 727 2826 seu
746 2769 912 2846 episcopos,
932 2779 981 2827 aut
998 2779 1106 2829 metro-

93 2850 239 2924 politanos,
268 2856 405 2934 primates
431 2855 478 2913 vei
504 2853 685 2932 patriarchas
712 2854 882 2930 interposita
900 2851 1039 2931 impediat
1055 2863 1105 2928 aut

93 2939 248 3014 suspendam
277 2941 403 3019 alioquin
425 2941 563 3010 vicarius,
597 2957 679 3017 quem
707 2938 851 2996 ecclesiae
879 2938 993 2997 vacanti
1020 2948 1106 2997 autea

94 3022 236 3102 episcopus
251 3026 372 3085 arbitrio
395 3045 447 3084 suo
465 3022 502 3082 ad
519 3035 630 3104 tempus
648 3022 807 3101 deputavit,
827 3023 872 3080 vel
890 3022 987 3081 iorsnn
1005 3033 1106 3101 postea

94 3100 243 3183 deputabit,
266 3111 302 3170 ab
326 3113 387 3170 cius
409 3111 552 3170 ecclesiae
577 3107 706 3169 custodia
729 3118 760 3166 et
782 3105 1029 3168 administratione
1048 3127 1106 3167 uon

94 3205 257 3269 amoveatur,
277 3197 369 3256 donec
382 3206 432 3254 aut
445 3195 547 3266 eidem,
566 3205 616 3255 aut
632 3194 726 3266 alteri,
746 3195 793 3272 qui
802 3193 939 3272 probatus
947 3203 979 3252 ct
996 3193 1106 3254 electus

94 3271 184 3350 fuerit,
207 3294 354 3362 utsupra,
378 3284 415 3341 sit
432 3283 585 3361 provisum.
633 3279 715 3340 Alias
737 3281 916 3360 provisiones
934 3297 1033 3338 omnes
1055 3296 1107 3338 seu

63 3373 64 3380 ¹
95 3356 288 3440 institutiones,
311 3379 428 3447 praeter
446 3365 636 3446 supradictam
655 3367 774 3425 formam
793 3367 903 3437 iactae,
922 3365 1108 3442 surreptitiae

96 3459 151 3504 esse
169 3465 353 3526 censeantur,
372 3473 429 3513 non
448 3452 625 3512 obstantibus
643 3451 709 3510 huic
728 3450 847 3510 decreto
867 3450 1106 3530 exemptionibus,

95 3525 213 3608 indultis,
232 3541 402 3618 privilegiis,
421 3536 688 3618 praecautionibus,
708 3536 922 3608 affectionibus,
941 3537 1021 3594 novis
1039 3555 1108 3615 pro·

95 3613 252 3696 visionibus,
280 3617 396 3684 indultis
421 3625 567 3684 concessis
590 3621 801 3702 quibuscunque
825 3621 1056 3682 universitatibus
1064 3623 1106 3695 ⁴),
1140 3656 1153 3689 o

98 3753 294 3782 κ-

108 3893 112 3900 .
142 3849 317 3909 Snexxtv.
345 3864 366 3914 ι)
376 3859 406 3904 ar.
418 3873 438 3903 s.
447 3861 469 3902 a.
479 3859 509 3902 u.
518 3857 609 3902 xxiv.
621 3860 695 3912 (sano.
706 3857 853 3908 ususs.)-
877 3857 899 3908 ε)
910 3851 941 3896 ss.
952 3852 1017 3897 sss..
1027 3850 1107 3894 xxv.

98 3895 122 3938 '¹⁸
131 3903 171 3946 '‘f·
181 3921 199 3951 t·
209 3910 228 3952 9.
237 3935 262 3945 -
287 3916 308 3966 ⁸)
320 3910 350 3955 ci.
361 3910 426 3956 Sese.
436 3908 491 3954 v11.
502 3910 530 3953 de
540 3909 584 3954 ref.
595 3923 615 3954 e.
627 3911 658 3952 tt.
