2654 4330
265 291 926 372 snss1oxx1.,nancsosnrur.
1038 294 1112 356 ιιι
1146 351 1149 374 Ι

92 443 139 490 ui.
173 439 295 502 Episcopi·
304 443 392 502 gratis
406 453 463 487 wan
478 439 742 505 ords'nescosssrant,
764 444 816 488 tum
826 437 988 502 ds'mtsssriat
997 435 1110 488 0666166-

92 510 203 558 mames
218 509 312 558 literas
327 509 401 569 dest,
416 523 467 569 pro
477 511 566 571 quibat
576 523 662 556 sorum
672 506 989 570 stinictrs'niltilprorsut,
1008 507 1112 556 notaret

251 584 338 625 autem
349 577 418 640 quod
425 581 451 625 iu
460 577 563 625 decreto
569 575 739 642 prefinitum
748 583 790 624 est
797 579 937 638 accipiant.

167 679 304 753 &oniam
322 680 359 738 ab
377 681 578 740 ecclesiastico
597 677 699 738 ordine
718 679 809 740 omnis
826 680 965 738 auantiae
983 679 1108 757 suspicio

92 766 181 825 abesse
206 763 310 836 debet,
346 765 416 824 nihil
442 784 494 845 pro
523 767 679 826 collatione
708 781 939 844 quorumcunque
968 763 1107 836 ordinum,

96 853 173 909 ctiam
191 851 336 911 clericalis
354 861 504 921 tonsurae,
523 871 578 910 nec
596 869 649 930 pro
668 851 758 911 literis
777 849 944 910 dimissoriis
961 859 1011 910 aut
1028 849 1110 908 testi·
1123 852 1161 897 111

93 936 260 1008 monialibus,
275 957 330 997 nce
344 956 397 1018 pro
413 937 519 1015 sigillo,
536 952 591 998 nec
605 937 664 996 aliu
678 946 843 1015 quacunque
858 935 894 996 de
909 951 1005 1010 causa,
1024 937 1111 996 etiam

93 1023 183 1098 sponte
200 1023 341 1094 oblatam,
360 1023 490 1101 episcopi
505 1032 535 1081 et
549 1023 598 1081 alii
613 1020 743 1082 ordinum
757 1022 928 1104 ¹collatores,
948 1032 997 1082 aut
1010 1039 1110 1082 eorum

91 1107 201 1166 ministri
226 1109 326 1188 quovis
348 1119 501 1186 praetextu
525 1108 679 1187 accipiant.
724 1106 839 1167 Notarii
856 1127 927 1168 vero
946 1109 975 1168 in
993 1107 1028 1168 iis
1046 1117 1110 1166 tnn-

93 1201 141 1250 tum
158 1193 242 1266 locis,
262 1195 291 1253 in
312 1193 414 1273 quibus
432 1214 489 1252 non
507 1194 587 1271 viget
605 1191 756 1252 laudabilis
775 1192 952 1254 consuetudo
972 1193 1041 1253 nihil
1060 1211 1110 1253 ac-

92 1276 219 1354 cipiendi,
255 1299 310 1358 pro
339 1277 457 1357 singulis
484 1279 576 1339 literis
603 1275 770 1338 dimissoriis
797 1287 846 1338 aut
873 1277 1109 1338 testimonialibus

92 1358 218 1423 decimam
241 1374 351 1424 tantum
373 1366 455 1424 unius
478 1365 559 1424 aurei
581 1374 691 1444 partem
716 1365 850 1444 accipere
878 1365 1002 1444 possint,
1030 1363 1110 1422 dum·

91 1445 164 1506 nodo
179 1449 221 1510 eis
236 1450 342 1509 nullum
357 1451 490 1510 salarium
504 1452 542 1510 sit
556 1450 739 1509 constitutum
753 1470 806 1529 pro
822 1447 915 1510 officio
932 1447 1107 1510 exercendo.

91 1527 145 1592 Noc
163 1535 300 1616 episcopo
325 1555 362 1596 ex
384 1535 490 1596 notarii
512 1533 668 1596 commodis
690 1533 805 1616 aliquod
829 1537 1047 1596 emolumentum
1072 1554 1109 1594 ex

92 1615 186 1678 eisdem
209 1619 339 1680 ordinum
363 1621 565 1682 collationibus
588 1619 698 1682 directe
720 1622 767 1680 vel
790 1618 931 1681 indirecte
954 1621 1107 1700 provenire

92 1699 178 1778 possit.
221 1701 302 1765 Tunc
321 1709 395 1766 enim
414 1708 504 1786 gratis
523 1726 640 1788 operam
658 1726 736 1766 suam
755 1726 806 1767 eos
823 1717 972 1786 praestare
992 1707 1106 1765 omnino

93 1791 173 1848 teneri
190 1785 336 1864 decernit,
356 1793 515 1852 contrarias
535 1804 629 1864 taxas,
649 1812 683 1852 ac
703 1802 808 1852 statuta
827 1801 857 1851 et
875 1791 1107 1865 consuetudines,
1213 1828 1218 1846 ,

93 1871 166 1934 ctiam
191 1875 445 1950 immemorabilos,
478 1896 708 1958 quorumcunque
737 1877 880 1949 locorum,
914 1897 986 1957 quac
1013 1878 1107 1957 potius

93 1955 182 2019 abusus
200 1973 229 2020 et
247 1964 430 2043 corruptelae
450 1964 624 2023 simoniacae
642 1962 776 2042 pravitati
798 1963 928 2022 faventes
951 1964 1108 2042 nuncupari

92 2057 210 2120 possunt,
232 2049 347 2127 penitus
366 2047 506 2109 cassando
526 2060 556 2109 ot
573 2045 788 2120 interdicendo,
813 2057 843 2106 et
861 2047 907 2128 qui
925 2068 1009 2108 secus
1026 2049 1109 2108 lece·

93 2127 154 2218 rint,
179 2143 234 2192 tam
262 2131 364 2194 dantes
392 2154 474 2214 quana
502 2135 694 2214 accipientes,
722 2133 796 2193 ultra
823 2129 946 2194 divinam
970 2131 1106 2194 ultionem
1201 2166 1204 2179 ‚

93 2232 187 2290 poenas
205 2239 223 2278 a
240 2219 303 2280 iure
317 2221 346 2296 ¹>
364 2219 487 2280 inflictas
506 2221 568 2300 ipso
587 2219 665 2280 iacto
684 2221 839 2278 incurrant.

108 2369 130 2416 G.
139 2368 166 2416 li.
195 2371 325 2422 Arcentnr
334 2387 352 2421 c
361 2375 446 2421 sacris
456 2374 586 2423 ordinibus
596 2377 698 2436 quinon
707 2373 876 2422 bubentuuds
886 2377 972 2422 uiuere
977 2377 1088 2438 possint.

168 2473 253 2546 Quum
282 2496 339 2535 non
367 2474 473 2536 deceat
499 2495 564 2547 cos,
593 2477 640 2556 qui
668 2475 764 2536 divino
788 2477 945 2537 ministerio
969 2472 1107 2557 adscripti

95 2566 161 2628 sunt,
180 2579 240 2620 eum
260 2557 368 2622 ordinis
388 2559 533 2622 dedecore
552 2559 730 2634 mendicare,
755 2573 804 2622 aut
821 2561 966 2624 sordidum
985 2561 1107 2643 aliquem

96 2653 226 2716 quaestum
254 2665 410 2720 exercere,
439 2656 670 2728 compertumque
698 2650 748 2722 sit,
776 2649 937 2729 complures
963 2650 1107 2728 plerisque

95 2723 119 2780 in
138 2724 205 2790 locis
227 2729 264 2792 ad
292 2752 391 2794 sacros
419 2728 535 2792 ordines
563 2734 640 2792 nullo
667 2733 729 2795 iere
757 2729 872 2794 delectu
899 2733 1023 2808 admitti,
1061 2735 1109 2814 qui

94 2809 169 2872 variis
186 2814 293 2878 artibus
311 2838 347 2878 ac
365 2817 487 2878 fallaciis
507 2817 674 2898 confingunt
691 2838 721 2878 se
740 2815 911 2881 beneficium
929 2819 1108 2880 ecclesiasti-

96 2911 149 2954 cum
166 2913 212 2960 aut
229 2905 314 2964 etiam
332 2900 451 2964 idoneas
469 2903 621 2965 facultates
641 2903 786 2965 obtinere:
805 2901 904 2964 statuit
922 2915 1022 2964 sancta
1040 2925 1108 2984 syn·
1121 2909 1160 2953 111

96 2976 169 3074 odus,
194 2989 314 3069 nequis
338 2987 474 3070 deinceps
498 2989 620 3050 clericus
639 2988 809 3061 saecularis,
838 2990 963 3069 quamvis
982 2987 1052 3049 alias
1070 2991 1108 3048 sit

95 3060 202 3130 idonens
223 3075 362 3148 moribus,
390 3077 511 3136 scientia
534 3085 564 3134 et
585 3085 696 3146 aetate,
723 3073 761 3135 ad
782 3093 882 3134 saeros
905 3072 1021 3134 ordines
1038 3095 1108 3155 pro·

96 3165 242 3248 moveatur,
269 3161 323 3220 nisi
341 3161 420 3241 prins
438 3162 565 3240 legitime
584 3170 711 3232 constet,
739 3179 803 3222 enm
820 3159 995 3220 beneficium·
1010 3161 1108 3221 eccle·

96 3239 240 3315 srasficum,
264 3244 340 3325 quod
358 3246 413 3306 sibi
430 3243 467 3306 ad
483 3248 588 3308 victum
607 3246 728 3308 honeste
747 3245 882 3318 sufficiat,
899 3245 1021 3326 pacifica
1039 3266 1107 3326 pos-

97 3315 189 3384 sidem.
232 3328 263 3390 ld
282 3351 361 3400 vescov
375 3331 545 3392 beneficium
569 3333 718 3412 resignare
741 3353 798 3409 nou
820 3332 925 3413 possit,
952 3332 1006 3392 nisi
1029 3331 1108 3392 iacta
1209 3345 1212 3350 '
1292 3321 1293 3328 ἵ

96 3407 240 3487 mundone,
259 3416 333 3496 quod
352 3416 389 3478 ad
406 3418 482 3477 illius
498 3418 634 3480 beneficii
653 3421 762 3482 titulum
779 3420 817 3480 sit
834 3428 994 3497 promotus;
1014 3432 1106 3499 neque

97 3501 128 3544 11
147 3497 298 3576 resignatio
320 3501 500 3576 admittatur,
528 3507 582 3565 nisi
606 3507 746 3580 constito,
773 3504 849 3585 quod
872 3503 987 3566 aliunde
1009 3505 1107 3565 vivere

98 3581 231 3644 commode
253 3589 358 3666 possit3
386 3599 417 3648 ct
438 3587 523 3650 aliter
544 3591 622 3652 iacta
644 3592 802 3671 resignatio
824 3592 902 3652 nulla
924 3591 969 3651 sit.
1014 3590 1109 3651 Patri·

98 3663 207 3724 monium
228 3689 296 3732 vero
321 3673 365 3734 vel
388 3676 553 3754 pensionem
577 3676 740 3739 obtinentes
763 3677 889 3738 ordinari
911 3677 1031 3759 posthac
1050 3696 1108 3736 nou

102 3763 295 3795 '‘N-—

100 3806 217 3910 (cariffi,
226 3817 295 3915 'ff'
322 3823 406 3918 1266,
417 3821 443 3868 G.
454 3822 474 3868 l.
485 3835 523 3880 qn.
533 3828 552 3870 1.
563 3823 666 3880 (Gelu.)
677 3840 697 3871 c.
707 3829 727 3870 6.
738 3827 788 3871 ssd.
798 3831 874 3894 (conc.
885 3825 978 3882 clete.)
989 3840 1008 3871 c.
1019 3829 1064 3870 lul.
1074 3823 1106 3869 lb.

101 3892 224 3963 emesan:
248 3873 1107 3974 alfflilcflillflzlllifltltllivfll:¹lai⁰itil⁵l¹⁵li¹¹

100 3957 143 4002 ⁸⁰¹¹·
152 3963 200 4023 (id.)
210 3926 269 4020 sits.
281 3937 311 4021 tet.
324 3978 374 4022 sod.
385 3939 467 4035 (Alqu.
476 3977 533 4034 111.)
544 3993 564 4023 c.
573 3982 607 4024 66.
617 3980 648 4024 ib,
659 3945 749 4035 (lunod.
759 3963 816 4039 111.)
826 3933 891 4027 edel.
911 3943 926 3984 ε
992 3931 1002 3984 J

570 4236 578 4263 l
