2654 4334
196 271 276 345 ne
396 278 540 338 sunus
564 277 700 338 soror
720 275 849 334 sunm
866 281 945 336 ron
963 279 1043 333 suo.

423 413 969 556 bononienses-11,
1045 427 1046 430 i
1164 513 1166 521 ι

214 599 396 676 DWINA
421 593 775 674 PROVIDENTIA
805 595 973 669 PAPAE
1002 597 1210 692 QUARTI,

301 737 407 786 SUPER
425 733 542 784 FORMA
560 733 746 782 lUliAlllEN'l'l
764 731 1000 780 PROFESSlONlS
1018 731 1119 780 ututur.

284 855 352 914 Pius
369 853 542 932 Episcopus,
567 869 666 912 servus
684 869 831 912 seruorum
849 851 917 922 lici,
942 849 977 910 nd
996 863 1163 932 perpetuam
1183 855 1229 914 rei

178 980 180 985 ·
199 941 381 1001 memorium.v

285 1026 445 1085 lniuuctum
472 1023 554 1082 nobis
580 1023 760 1102 apostolicae
782 1023 927 1082 servitutis
950 1022 1074 1084 officium
1095 1027 1228 1108 requirit,

199 1121 231 1172 ut
248 1127 297 1182 en,
322 1126 393 1188 quoe
413 1109 549 1169 Duminus
567 1110 748 1192 omnipotens
765 1107 802 1167 ed
819 1107 967 1188 providam
990 1110 1135 1169 ecclesiae
1157 1131 1229 1172 sune

200 1197 390 1256 directionem
412 1197 519 1254 sanctis
538 1194 669 1264 Patribus
686 1197 716 1253 in
734 1195 848 1254 nomine
871 1213 923 1254 suo
947 1197 1133 1274 congregetis
1155 1196 1231 1257 divi·

200 1285 275 1342 nitus
293 1283 435 1360 inspirare
452 1279 587 1359 dignutus
605 1291 658 1352 est,
678 1279 790 1340 adeius
809 1279 921 1340 laudeni
940 1290 970 1338 et
987 1281 1108 1358 gloriam
1127 1283 1230 1342 ineun-

131 1389 138 1394 ·
201 1377 314 1428 ctuuter
332 1368 450 1446 exsequi
468 1383 664 1444 properemus.
709 1366 799 1438 Quum
817 1369 914 1446 itaque
932 1367 1012 1424 iuxta
1030 1368 1147 1426 concilii
1164 1369 1230 1428 Tri-

200 1453 310 1512 dentiui
333 1450 549 1530 dispositionem
573 1471 683 1522 omnes,
713 1469 783 1528 quos
805 1449 943 1530 deinceps
966 1451 1179 1512 cathedralibus
1200 1466 1231 1515 et

135 1534 186 1606 '2³1
201 1539 395 1618 superioribus
405 1537 538 1596 ecclesiis
552 1537 681 1616 practici,
696 1537 743 1596 vel
753 1537 853 1615 quibos
862 1535 899 1595 dc
908 1536 1020 1596 illerum
1030 1535 1230 1616 dignitatibus,

143 1631 150 1642 ’
201 1623 416 1686 canonicatibus
432 1633 462 1682 et
475 1623 539 1682 aliis
558 1623 769 1702 quibuscunque
788 1621 942 1681 benefieiis
955 1623 1165 1684 ecclesiasticis
1179 1647 1231 1686 cu-

200 1727 260 1770 rem
279 1711 434 1768 animarum
448 1709 618 1768 habentibus
631 1707 778 1786 provideri
793 1709 951 1786 continget,
971 1709 1113 1788 publicum
1129 1713 1232 1771 outbo·

201 1795 294 1854 dorne
313 1793 380 1854 lidei
399 1795 608 1872 professionem
631 1795 740 1865 fucere,
764 1811 851 1872 seque
870 1794 900 1853 in
918 1792 1063 1854 &munuc
1083 1798 1231 1858 ecelesiae

200 1879 367 1940 obedientia
393 1897 594 1959 permansuros
621 1879 764 1960 spondere
792 1889 822 1938 et
848 1881 944 1940 iurare
972 1889 1140 1940 tenesmum
1168 1881 1232 1943 Nes

199 1956 344 2036 volentes,
367 1967 453 2025 etism
472 1985 525 2044 por
543 1984 740 2044 quoscunque,
765 1965 866 2044 quibus
887 1964 923 2024 de
942 1968 1134 2040 monasteriis,
1161 1989 1232 2029 eou-

199 2051 340 2122 ventibus‚
359 2050 491 2110 domibus
509 2061 539 2110 et
557 2053 621 2111 eliis
640 2051 854 2132 quibuscunque
873 2051 946 2132 loeis
964 2053 1138 2132 regularium
1159 2074 1231 2135 quo·

200 2153 375 2214 numeroque
394 2133 538 2209 ordinum,
562 2139 648 2196 otiam
667 2138 838 2209 militurium,
863 2155 1032 2218 quocunque
1050 2143 1167 2200 nomine
1184 2141 1232 2200 vel

199 2225 283 2281 titulo
310 2219 521 2301 providebitur,
549 2221 623 2282 idem
647 2225 715 2282 item
739 2225 861 2294 seruari,
889 2221 977 2283 etad
1000 2225 1070 2296 boo,
1093 2229 1231 2289 utunius

201 2306 328 2367 ciusdem
356 2305 422 2366 fldei
450 2309 592 2386 promssio
620 2309 802 2368 uniformiter
827 2309 862 2367 sb
891 2310 1020 2369 omnibus
1047 2311 1230 2390 exhibentur,

200 2395 340 2472 unicoque
355 2403 386 2452 et
400 2403 479 2452 eertn
494 2393 569 2452 illins
583 2394 676 2452 forms
695 2396 805 2454 cunctis
823 2396 994 2465 innotescet,
1013 2407 1131 2458 nostroe
1151 2401 1231 2460 solli·

201 2477 335 2538 citudinis
349 2487 446 2555 portes
475 2479 503 2534 in
519 2479 574 2538 hoc
589 2480 675 2537 elicui
688 2482 803 2539 minime
817 2479 985 2553 desiderari,
1004 2482 1125 2542 formum
1139 2486 1230 2564 ipsum

199 2561 399 2642 praesentibus
418 2571 581 2621 eunomium
600 2563 753 2642 publicari,
778 2575 809 2624 et
825 2567 930 2644 ubique
949 2569 1076 2645 gentium
1095 2585 1150 2649 per
1169 2591 1229 2644 eos,

200 2647 237 2706 ed
254 2661 326 2727 quos
343 2665 382 2706 on
400 2645 529 2712 decretis
545 2650 633 2728 ipsius
653 2651 769 2709 concilii
787 2661 817 2710 et
835 2653 908 2711 alios
925 2651 1092 2732 praedictos
1105 2667 1229 2734 spectat,

199 2733 292 2812 recipi
307 2745 337 2792 et
351 2732 508 2806 obseruari,
527 2755 562 2795 nc
580 2733 632 2794 sub
650 2737 752 2814 poenis
770 2755 823 2814 per
841 2739 993 2798 concilium
1007 2741 1099 2819 ipsum
1114 2744 1144 2800 in
1161 2761 1230 2802 con·

199 2820 395 2880 truteuientes
409 2819 483 2891 lotis,
498 2822 577 2879 iusto
591 2821 664 2880 huno
674 2832 771 2882 otnon
780 2824 863 2895 oliam
875 2826 1003 2897 formans,
1019 2827 1230 2904 professionem

200 2904 377 2984 praedictum
396 2907 556 2968 solenniter
573 2907 646 2978 lieri,
666 2910 839 2970 auctoritate
854 2912 1014 2990 apostoliea
1027 2922 1130 2973 tenore
1145 2932 1231 2992 prue-

162 3033 164 3038 ,
200 2994 320 3050 sentium
332 2990 462 3052 districte
472 2992 678 3072 praecipiende
689 2993 863 3067 mundamus,
877 2996 1036 3056 huiusmodi
1047 2997 1098 3057 sub
1110 3009 1229 3060 tenores

286 3080 352 3155 Ego
367 3080 408 3137 N.
420 3079 514 3158 firmo
523 3079 591 3156 fide
615 3081 703 3139 credo
723 3091 756 3140 et
766 3081 915 3160 profiteor
932 3086 1031 3143 omnio
1049 3094 1079 3143 et
1095 3087 1229 3164 singulo,

201 3181 277 3240 qoue
300 3165 491 3227 melioretur
509 3167 539 3222 in
557 3165 687 3243 qmbolo
704 3165 795 3238 fidet,
820 3187 877 3246 quo
895 3167 928 3228 Sr
944 3171 1078 3228 domoon
1102 3174 1230 3232 ecclesio

200 3250 304 3319 untur,
323 3249 478 3308 videlicet:
503 3252 623 3321 „Crede
643 3254 674 3310 in
692 3271 779 3312 unum
796 3255 888 3314 Deum
905 3256 1024 3314 Patrem
1044 3259 1229 3334 omnipoten-

201 3343 268 3413 tem,
277 3330 431 3412 foetorem
448 3335 529 3394 coeli
545 3345 577 3410 et
593 3346 705 3408 terroe,
729 3337 885 3418 visibilium
905 3342 1029 3406 omnium
1048 3351 1080 3401 et
1095 3342 1230 3402 inedibi-

200 3420 287 3492 lricm‚·
308 3430 340 3478 et
355 3423 385 3478 in
404 3439 490 3479 unum
508 3423 664 3480 Dominum
682 3417 776 3482 lesum
787 3424 942 3502 Christum,
961 3425 1068 3485 Ficum
1086 3429 1150 3488 Dei
1164 3435 1230 3490 uni·

197 3505 344 3579 genitum,
368 3514 401 3563 et
416 3524 455 3563 eo
472 3506 562 3566 Patre
584 3516 685 3566 notum
708 3519 777 3568 onte
800 3512 898 3569 omnio
920 3512 1055 3584 soeculo,
1079 3515 1174 3574 heom
1193 3515 1230 3574 de

199 3589 277 3659 Deo,
302 3590 398 3650 lumen
421 3591 458 3649 de
476 3590 600 3664 luminu
623 3594 716 3652 Deum
735 3613 833 3654 oerum
852 3597 888 3653 de
905 3599 969 3655 Deo
988 3616 1072 3669 cero,
1094 3603 1230 3676 genitum

199 3692 259 3731 non
274 3669 398 3748 sactum,
423 3675 701 3736 conrobstontiolem
719 3681 821 3754 Petri,-
841 3700 903 3762 per
921 3701 1004 3760 quem
1022 3687 1122 3743 omnin
1135 3682 1230 3762 socio

199 3765 285 3829 sunt5
309 3760 363 3835 qui
376 3769 505 3837 propter·
525 3781 581 3820 nos
601 3763 732 3823 domniaco
754 3773 786 3825 et
800 3776 929 3844 propter
950 3777 1081 3828 cosmum
1103 3773 1229 3831 sulutem

201 3842 356 3922 descendit
375 3842 412 3900 de
434 3845 531 3916 coelo,
559 3855 592 3904 et
612 3850 785 3909 incarnatus
807 3861 853 3910 est
873 3853 909 3910 de
926 3853 1042 3931 Spriu'tu
1062 3866 1167 3915 sancto
1191 3875 1229 3917 eo

203 3925 302 3984 Morio
327 3927 466 4002 Virgine,
496 3931 631 3989 ethome
650 3930 755 4009 sactus
782 3945 842 4008 est,·
872 3937 1032 4015 omnifluus
1059 3943 1147 3999 etium
1167 3961 1226 4020 pro
