2654 4334
302 245 452 301 snssto
471 243 560 300 XXV.
594 245 651 299 DE
669 246 922 301 REFORMAT.
1058 249 1138 306 m

105 389 136 446 in
162 387 292 446 omnibns
314 386 485 466 privilegiis,
518 405 590 465 qnae
612 386 844 447 universitatibus
866 386 1024 449 studiorum
1047 407 1136 467 pene-

105 473 211 532 ralium
230 491 281 532 sen
299 491 396 531 earnm
415 474 547 550 personis
565 482 630 531 sunt
648 491 796 532 concessa.
838 472 917 534 flacc
935 484 1030 534 autem
1041 475 1135 534 omnia
1148 489 1187 532 est

104 567 139 616 et
157 558 270 636 singula
288 560 317 616 in
339 559 376 616 iis
393 557 526 618 ecclesiis
549 557 642 618 locum
665 577 722 616 non
740 558 879 631 habeant,
902 559 1051 639 inquibus
1074 561 1136 640 epi·

103 644 191 722 scopi
217 653 267 702 aut
289 661 387 702 eorum
413 644 514 702 vicarii
541 661 579 702 ex
600 644 865 715 constitutionibus,
892 645 939 704 vel
966 645 1134 724 privilegiis,

102 739 156 787 aut
176 727 430 788 consuetudinibus
453 729 513 787 sive
537 728 716 800 concordiis,
739 748 791 790 sen
809 747 978 809 quocunqne
996 731 1054 790 alio
1072 732 1136 790 inre

101 815 246 873 maiorem
272 814 380 875 habent
405 824 590 894 potestatem,
618 816 819 876 auctoritatem
836 833 871 874 ac
898 813 1134 888 iurisdietionem,
1208 816 1212 826 '

101 919 192 979 quam
218 902 363 978 praesenti
388 898 511 959 decreto
537 902 575 958 sit
602 900 847 980 comprehensum.
901 899 1009 974 Quibus
1036 911 1135 960 sancta

101 984 235 1065 synodus
253 984 396 1064 derogare
416 1005 472 1044 non
490 984 623 1045 intendit.

128 1123 230 1173 e.v11.
265 1122 389 1170 Accersas
407 1129 433 1169 et
451 1136 584 1186 regressus
601 1125 638 1172 ad
654 1121 778 1186 beneficia
799 1122 934 1172 tolluntur.
971 1126 1115 1176 Ooudiastor

285 1205 334 1254 pao
352 1191 433 1250 nodo,
453 1194 498 1240 cusi
512 1197 540 1239 ct
556 1205 592 1240 ca·
610 1207 662 1255 qua
679 1207 762 1241 causa
778 1193 960 1242 concedendus.

197 1275 284 1348 Quum
313 1277 341 1335 in
359 1277 510 1336 beneficiis
536 1277 744 1337 ecclesiasticis
771 1297 820 1349 ea,
849 1297 920 1358 quae
939 1278 1134 1340 hereditariae

102 1363 301 1422 successionis
328 1365 480 1440 imaginem
508 1363 651 1435 referunt,
683 1365 774 1423 sacris
802 1365 1052 1424 constitutionibus
1078 1366 1137 1424 sint

103 1446 250 1522 odiosa¹)
277 1458 308 1507 ct
334 1446 448 1506 Petrum
472 1447 598 1508 decretis
622 1451 781 1520 contraria,
805 1451 910 1508 nemini
938 1451 1135 1530 inposterum

102 1551 245 1593 accessus
266 1543 315 1592 aut
341 1553 504 1612 regressus,
533 1535 618 1593 etiam
647 1533 682 1594 de
712 1553 866 1605 consensu,
896 1534 932 1593 ad
964 1535 1134 1596 beneficium

103 1618 339 1678 ecclesiasticum
363 1621 555 1700 cuiuscunque
580 1619 724 1699 qualitatis
747 1618 937 1692 concedatur3
961 1640 1015 1680 nec
1035 1621 1134 1681 hacte·
1226 1625 1231 1638 “

103 1723 163 1762 nns
196 1704 327 1764 concessi
359 1703 580 1784 suspendantur,
614 1703 805 1765 extendantur
835 1715 884 1763 aut
915 1706 1133 1767 transferantur.

102 1789 229 1868 Hocque
248 1788 394 1849 decretum
417 1793 446 1851 in
466 1790 677 1871 quibuscunque
697 1789 845 1849 beneficiis
864 1792 1079 1865 ecclesiasticis,
1099 1813 1133 1853 ac

102 1878 137 1934 in
161 1875 374 1955 quibuscunque
397 1877 542 1955 personis,
566 1877 651 1934 ctiam
676 1874 869 1935 cardinalatus
892 1875 1002 1936 honore
1021 1877 1135 1956 fulgen-

103 1959 194 2031 tibus,
214 1960 307 2020 locnm
326 1961 440 2021 habeat.
486 1961 518 2020 ln
538 1959 724 2020 coadiutoriis
743 1980 855 2040 quoque
875 1981 938 2020 cum
956 1962 1050 2021 lutura
1069 1984 1135 2022 suc-

105 2047 242 2106 cessione
265 2045 340 2106 idcm
358 2048 478 2128 posthac
498 2048 679 2118 observetur,
699 2057 731 2104 ut
749 2047 854 2104 nemini
873 2047 901 2105 in
921 2046 1134 2128 quibuscunque

103 2132 259 2192 beneficiis
279 2133 485 2192 ecclesiasticis
503 2133 712 2214 permittantur.
759 2130 883 2204 Quodsi
904 2131 1017 2211 quaudo
1037 2135 1134 2194 eccle·

103 2219 169 2278 siae
189 2217 362 2278 cathedralis
381 2229 430 2277 aut
447 2220 614 2280 monasterii
636 2237 742 2297 urgens
769 2219 926 2276 necessitas
949 2229 999 2278 ant
1016 2219 1134 2280 evidens

104 2305 218 2363 utilitas
237 2305 364 2383 postulet
380 2304 511 2385 praelato
531 2303 593 2363 dari
613 2303 809 2364 coadiutorem
819 2305 858 2377 ²),
878 2304 903 2361 is
921 2323 977 2362 non
988 2305 1059 2363 alias
1070 2325 1133 2365 cum

95 2391 204 2448 ‘futura
222 2389 405 2449 successione
425 2388 522 2460 detur,
547 2410 628 2472 quam
647 2390 720 2450 hacc
745 2408 830 2448 causa
848 2390 926 2468 prius
945 2387 1100 2468 diligenter
1117 2410 1134 2450 a

104 2475 288 2534 sanctissimo
306 2473 434 2534 Romano
453 2473 593 2535 Pontifice
612 2477 650 2534 sit
668 2476 794 2554 cognita,
814 2484 844 2532 et
862 2474 1014 2554 qualitates
1033 2494 1133 2535 omncs

103 2563 135 2620 in
155 2561 205 2618 illo
225 2579 400 2620 concurrere
425 2571 535 2620 certum
557 2563 608 2632 sit,
633 2581 705 2640 qnae
728 2580 746 2619 a
767 2562 829 2619 iure
854 2571 884 2618 ct
902 2558 1028 2620 decretis
1051 2562 1186 2634 huiusm

105 2656 227 2706 sanctae
246 2644 348 2726 synodi
367 2649 395 2704 in
414 2647 558 2728 episeopis
577 2657 607 2705 et
623 2647 759 2726 praelatis
778 2647 1008 2726 requirunturi).
1052 2645 1134 2708 Alias
1228 2687 1231 2692 .

106 2732 314 2791 concessiones
333 2750 420 2810 super
438 2731 482 2790 his
500 2731 596 2791 iactae
615 2733 797 2811 surreptitiae
817 2749 880 2790 esse
900 2743 1080 2792 censeantur.

104 2871 133 2918 c.
153 2871 218 2916 vlit.
254 2866 502 2918 Administratoraus
519 2869 687 2931 hospitalium
705 2882 803 2917 munus.
831 2867 928 2915 Eorum
943 2867 1098 2929 negligentia
1115 2884 1134 2916 a

373 2939 462 3000 quibus
480 2945 509 2986 ct
525 2954 578 3000 pua
595 2941 699 2986 ratione
717 2935 866 2984 coercenda.

191 3021 337 3082 Admonet
354 3033 454 3082 sancta
476 3022 601 3102 synodus
620 3040 802 3102 quoscunque
822 3020 1021 3080 ecclesiastica
1042 3020 1133 3081 bene-

104 3107 174 3168 ficia
191 3109 351 3167 saecularia
373 3127 424 3167 seu
447 3110 593 3187 regularia
611 3109 786 3180 obtinentes,
814 3116 846 3166 nt
867 3105 1069 3184 hospitalitatis
1088 3108 1133 3166 ol-

104 3193 256 3268 ficium⁴),
280 3215 298 3253 a
315 3194 422 3253 sanctis
440 3193 574 3254 Patribus
597 3196 765 3273 frequenter
784 3189 1024 3262 commendatum,
1044 3211 1133 3271 quan-

103 3289 164 3338 tum
183 3299 237 3358 per
254 3297 353 3340 eorum
362 3289 517 3359 proventus
525 3279 633 3350 licebit,
652 3289 783 3359 prompte
801 3279 1133 3357 benignequeexercere

105 3376 284 3436 assuescant,
303 3385 453 3437 memores,
473 3385 534 3437 eos,
554 3367 600 3444 qui
616 3365 838 3444 hospitalitatem
859 3373 968 3434 amant,
988 3362 1131 3422 Christum

103 3453 133 3508 in
170 3450 329 3530 hospitibus
351 3452 534 3532 recipere5).
588 3450 646 3510 lllis
668 3470 753 3522 vero,
786 3453 833 3529 qui
864 3447 1015 3529 hospitalia
1045 3449 1133 3526 vulgo

104 3595 316 3608 -ι--ιι-ι--ι--ι

157 3667 234 3710 Seu.
253 3667 332 3712 XXV.
361 3673 381 3721 t)
401 3667 431 3713 cf.
443 3683 463 3713 e.
472 3671 492 3712 t.
503 3667 589 3724 (liilar.
605 3667 629 3712 ln
643 3681 694 3722 syn.
705 3667 780 3773 Rornq
789 3670 809 3711 t.
824 3669 898 3730 (conc.
909 3667 961 3709 Lat.
971 3665 1015 3720 11.)
1025 3665 1052 3709 (l.
1061 3664 1131 3711 vut.

80 3723 276 3814 ’ll.'n¹r'.‘‹i.⁷'1ll'
288 3726 318 3764 ¹¹·
329 3721 361 3816 i:
374 3719 711 3826 lirlhlli'ltd'rlit‘ff’l‘
723 3716 1131 3813 ll:sti³a¹hfi¹ttff¹ltfsi

104 3833 125 3864 c.
136 3826 156 3866 ¹.
162 3825 194 3866 14.
205 3823 232 3866 c.
243 3786 372 3868 qupsm·
383 3825 491 3880 (Gregor.
501 3801 564 3918 [pa—⁰
589 3827 610 3874 8)
621 3822 686 3866 Sese.
715 3821 747 3865 ΙΙ.
758 3823 786 3864 dc
796 3819 840 3864 ref.
851 3834 871 3863 c.
882 3823 901 3862 t.
912 3824 937 3861 'et
945 3823 964 3862 ³.
976 3818 1132 3864 Scss.XXll.

102 3873 132 3916 ds
142 3873 187 3916 res.
198 3887 218 3916 c.
228 3878 284 3917 2-
301 3875 444 3970 1{cheb
460 3876 488 3918 D.
499 3876 524 3917 X
545 3874 578 3918 ll.
590 3874 732 3928 (chrysost.)
747 3887 766 3915 c.
780 3887 819 3915 un.
831 3873 860 3914 tt.
870 3870 995 3913 LXXXV.
1007 3872 1086 3922 (areg.
1099 3869 1131 3924 1.)

103 3928 154 3969 τὰ.
165 3925 194 3969 1).
205 3925 300 3970 LXXX
339 3926 437 3982 .(ld.)c
454 3925 772 3980 to-ss.th.qn.2.(ld.)-
797 3919 1045 3976 otblatth.XXV.at.

147 4001 228 4042 conc.
249 4005 377 4043 rnnnnur.
670 4020 676 4026 -
920 3982 958 4042 13
