2648 4336
776 41 788 72 ⁴
884 19 885 28 ,

229 259 315 324 soc
543 258 670 318 nnus.
689 257 959 318 ssu-rursu.
1061 227 1065 248 '

230 395 343 482 scopis
357 400 422 466 Iesu
436 400 551 462 Christo
566 412 687 481 accepta
699 419 753 480 pro
771 397 955 480 gubernanda
973 401 1102 466 ecclesia
1120 421 1173 464 nec
1187 402 1248 465 nite·

231 490 304 559 rari,
329 506 384 548 nec
402 485 535 567 impediri
552 506 653 566 possc3
671 485 768 546 stubi
786 485 943 566 contigerit
960 486 1060 548 borum
1084 489 1187 548 iuriam
1207 509 1248 550 ex·

229 573 362 634 ercitium
377 573 476 652 quavis
489 570 525 632 de
541 590 627 632 causa
644 572 732 632 fuisse
751 573 948 654 interruptum,
966 593 1051 653 posse
1071 593 1187 654 semper
1199 576 1248 656 cpi·

230 677 348 742 scopum
362 678 397 719 ac
411 656 518 719 debere
533 658 562 718 in
577 658 733 736 originaria
746 677 797 718 sua
810 658 872 718 iura
887 655 1014 737 regredi,
1033 660 1247 740 quotiescunque

230 743 260 806 id
279 743 369 823 exigit
388 745 476 804 maius
495 743 598 803 bonum
617 761 685 803 suae
705 743 881 815 ecclesiae,“
901 779 939 790 -
959 745 988 806 iu
1007 762 1054 817 co,
1075 743 1154 826 qnod
1172 745 1249 806 innuit
1293 741 1294 784 t

230 831 334 889 iuriam
348 829 553 908 episcopalium
568 831 738 890 exercitium
757 829 835 889 nulia
851 830 994 908 superiori
1011 841 1160 910 potestate
1177 850 1248 912 prae·
1293 869 1294 902 ,

229 913 324 994 pediri
346 925 395 974 aut
421 914 554 974 coerceri
576 934 675 994 posse,
703 913 931 994 quandocunque
958 917 1115 996 episcopus
1142 918 1247 998 proprio
1293 935 1294 1000 ,

229 998 338 1060 iudicio
348 1001 492 1060 censuerit
506 1000 596 1060 miuus
611 1000 640 1060 id
654 999 791 1080 expedire
806 993 907 1061 maiori
921 1001 1000 1060 bono
1012 1021 1083 1062 suae
1098 1003 1247 1062 ecciesiae:

228 1085 375 1144 Inducenc
397 1088 427 1146 in
449 1086 574 1144 schisma
598 1097 630 1146 et
648 1086 863 1146 subversionem
886 1087 1071 1146 hierarchici
1096 1089 1248 1166 regenne,
1293 1119 1294 1170 ἦ

230 1183 369 1228 manca.
534 1168 541 1178 '
1293 1197 1294 1268 q

229 1339 286 1400 ius
307 1357 491 1419 perperam
519 1342 683 1402 tributum
712 1343 896 1404 interioris
923 1341 1059 1404 ordinis
1087 1340 1244 1404 sacerdo·
1293 1305 1294 1342 ¹

371 1427 464 1485 tibus
486 1427 520 1484 in
544 1424 699 1487 decretis
722 1425 810 1488 fidei
832 1438 867 1488 ct
889 1426 1117 1508 disciplinae.

641 1545 725 1608 Epist.
743 1561 845 1596 conone.

176 1681 216 1726 ω
306 1647 365 1708 ἸΙΧ.
386 1648 534 1720 Doctrina,
554 1669 626 1728 quae
640 1651 752 1709 statuit:
767 1649 1031 1722 „deformationem
1046 1651 1184 1712 abusuum
1198 1651 1242 1709 cir·
1293 1723 1294 1728 ἵ

229 1751 265 1794 ca
278 1734 506 1793 ecclesiasticam
520 1733 698 1814 disciplinam
712 1735 740 1794 iu
752 1734 870 1815 synodis
881 1735 1061 1796 dioecesanis
1071 1738 1109 1797 ab
1120 1737 1243 1818 episcopo
1293 1731 1294 1764 ³

228 1827 259 1876 et
276 1819 410 1898 parochis
428 1820 587 1898 aequaliter
604 1819 731 1900 pendere
750 1840 784 1880 ac
803 1819 924 1881 stabiliri
942 1819 1064 1894 debere,
1091 1842 1127 1883 ac
1145 1823 1202 1882 sinc
1217 1820 1243 1877 li·

225 1902 340 1965 bertatc
363 1900 517 1964 decisionis
535 1903 689 1966 indebitam
710 1907 774 1966 iore
797 1906 1003 1967 subiectionem
1025 1905 1243 1988 suggestionibus
1293 1921 1294 1944 ³

223 1997 258 2046 et
282 1989 453 2050 iussionibus
476 1991 716 2070 episcoporum“:
748 1993 851 2063 Falsa,
880 1995 1053 2065 temeraria,
1081 1991 1242 2074 wiscopalit

223 2078 416 2135 auctoritatis
434 2077 560 2147 laertia,
578 2076 732 2156 regemne
749 2078 932 2137 hierarchici
944 2078 1131 2150 cohaeretico,
1146 2075 1242 2156 sarens
1293 2087 1294 2096 ¹

221 2159 347 2218 haeresi
361 2163 499 2222 Arianae
519 2181 537 2220 a
558 2164 679 2222 Caluino
698 2165 868 2224 innovatae.
959 2183 960 2187 ’

225 2291 272 2380 En·
284 2344 322 2394 ep.
336 2346 437 2380 conroc.
452 2329 505 2380 Er.
519 2346 556 2394 cp.
570 2333 606 2380 ad
617 2333 730 2398 oicfor.
740 2329 786 2380 Er
799 2341 868 2382 arat.
885 2334 922 2381 ad
933 2347 989 2396 syn.
1004 2335 1027 2395 5.
1046 2337 1069 2381 8.
1088 2335 1135 2384 Er·
1151 2345 1207 2383 rest.
1222 2333 1240 2378 i.

309 2432 347 2492 X.
370 2433 441 2492 Item
461 2431 607 2504 doctrina,
627 2453 682 2513 qua
699 2435 829 2513 parochi,
847 2436 933 2496 aliive
951 2435 1122 2497 sacerdotes
1139 2437 1167 2496 in
1183 2451 1237 2513 syn·
1293 2435 1294 2448 ¹

123 2539 128 2548 ¹
223 2517 282 2577 odo
301 2519 472 2596 congregati
490 2519 714 2596 pronunciantur
732 2538 786 2579 una
805 2539 868 2582 cum
887 2522 1024 2602 episcopo
1043 2520 1156 2583 iudices
1172 2517 1236 2588 fidei,
1293 2577 1294 2580 ,

222 2603 353 2664 etsimul
372 2603 498 2662 innuitur
515 2601 650 2664 iudicium
668 2607 697 2664 iu
716 2605 809 2666 causis
827 2604 895 2666 fidei
912 2607 981 2687 ipsis
1000 2619 1166 2687 competere
1186 2606 1236 2665 inre
1293 2607 1294 2644 i

222 2689 355 2768 proprio,
384 2697 414 2750 et
437 2686 549 2766 quidem
572 2690 657 2749 etiam
680 2689 964 2770 perordinationem
986 2689 1125 2774 accepto:
1151 2691 1235 2756 rann
1293 2695 1294 2728 ³

224 2775 393 2846 temeraria,
414 2773 527 2834 ordinis
545 2775 728 2836 hierarchici
741 2776 920 2850 rabaccanina,
940 2771 1237 2859 detrahensfirrnitati
1293 2773 1294 2824 ἐ

223 2858 424 2938 detior'tionarn
443 2860 653 2922 iudiciarumcc
671 2863 902 2940 dogmadcoram
921 2864 1079 2938 ecciesiae,
1099 2865 1142 2926 ad
1156 2863 1235 2923 urbm

221 2964 361 3007 erronea.
1293 2959 1294 2968 ¹

601 3117 677 3167 Orat.
695 3117 784 3181 synod.
801 3115 828 3184 5
847 3121 871 3168 8.

305 3216 356 3277 XI.
390 3215 540 3278 Sententia
566 3221 735 3292 enuncians,
767 3223 859 3281 veteri
886 3222 1022 3284 maiorum
1049 3225 1175 3286 instituto
1202 3216 1231 3278 th

219 3303 387 3382 apostolicis
404 3319 493 3382 usque
512 3305 687 3383 temporibus
706 3305 802 3379 ducto,
822 3325 874 3385 per
890 3308 1011 3369 meliora
1024 3310 1165 3370 ecclesias
1176 3322 1231 3366 sae

219 3388 284 3446 cuia
302 3398 432 3459 servato,
455 3400 602 3469 receptum
624 3391 726 3464 inisse,
749 3402 802 3464 „ut
824 3391 957 3466 decreta,
980 3404 1031 3454 aut
1051 3393 1229 3458 definitiones,

219 3481 269 3530 aut
285 3474 445 3533 sententiae
464 3475 550 3534 etiam
569 3476 705 3536 maiorum
724 3476 833 3538 sedium
851 3498 909 3539 uon
932 3489 1163 3559 receptarentur,
1184 3472 1229 3536 uisi
1293 3513 1294 3558 ;

218 3557 387 3633 recognitae
400 3559 522 3620 inissent
534 3571 565 3620 et
577 3562 754 3642 approbatae
769 3583 786 3623 a
798 3563 911 3645 synodo
921 3563 1129 3626 dioecesaua“s
1141 3562 1226 3627 rata
1293 3571 1294 3574 ’

220 3645 388 3714 emanata,
406 3645 557 3722 derogans
569 3665 629 3725 pro
641 3667 696 3710 cua
707 3651 910 3728 generalitate
924 3649 1110 3714 obedientiae
1124 3647 1227 3710 debitae

220 3727 479 3788 constituerentur
498 3733 679 3808 aportoh'cir,
701 3743 760 3794 turn
777 3744 810 3794 et
823 3739 980 3798 sententiis
996 3737 1035 3800 ch
1051 3732 1225 3798 hierarchica
1293 3751 1294 3808 j

216 3809 372 3950 qqpcriqrc
396 3810 527 3887 legitc'rna
541 3825 693 3893 potestate
715 3821 915 3895 manantibus,
943 3823 1067 3884 cchhmn
1086 3819 1185 3901 socient
1204 3817 1228 3872 ti

234 3947 241 3956 ,
259 3908 325 3948 cres
336 3912 371 3950 nc.
