2654 4330
175 249 181 259 ·
264 203 534 297 sussroxxrv.
571 242 888 297 nunurouuar.
1011 245 1087 304 ιοι

75 388 97 434 Ε
113 385 154 432 ΧΙ.
188 381 337 430 monemus
353 382 427 430 titula·
440 389 489 430 aut
499 383 639 444 privilegia
650 383 831 444 partahularia
846 384 1020 444 episcoporum
1034 384 1084 430 lari

111 453 174 499 nihil
189 451 339 500 detrudunt.
378 451 440 512 Cup.
461 452 557 508 Quem
575 450 720 510 capella,
742 450 832 498 Extra
849 451 879 496 de
892 452 1046 513 privilegiis,

500 522 649 566 innovatur.

151 603 288 678 Quoniam
316 604 467 682 privilegia
494 611 525 662 et
551 605 757 680 exemptiones,
786 621 858 683 quae
884 604 971 662 variis
998 605 1087 662 titulis

75 691 208 770 plerisque
227 688 439 757 conceduntur,
462 686 549 747 hodie
567 688 812 766 perturbationem
836 690 864 746 in
883 690 1086 766 episcoporum

76 773 262 834 iurisdictione
284 774 413 834 excitare
441 784 471 832 et
497 774 638 853 exemptis
661 774 843 832 occasionem
868 773 985 832 laxioris
1010 775 1088 832 vitae

76 858 431 940 praeherediguoscuntur,
451 857 582 919 decernit
599 868 700 917 sancta
717 857 852 937 synodus,
872 869 912 930 ut,
932 859 956 916 si
975 857 1087 937 quando

75 947 161 1017 iustis,
181 945 316 1022 gravibus
339 954 370 1005 et
387 945 449 1004 lere
469 944 640 1002 necessariis
658 941 842 1002 suadentibus
862 945 955 1002 causis
978 942 1142 1023 aliquosum

76 1031 225 1090 honorariis
245 1030 334 1089 titulis
343 1030 598 1108 protonotariatus,
618 1028 809 1107 acolythatus,
829 1029 941 1089 comitis
959 1029 1087 1108 pelotini,

76 1116 206 1193 capellani
226 1115 312 1193 regii,
332 1124 381 1174 eut
398 1115 462 1174 eliis
481 1112 640 1174 huiusmodi
658 1115 687 1171 in
697 1113 825 1172 Romana
844 1115 924 1172 curia
941 1115 986 1173 vel
1006 1125 1090 1173 extra

76 1201 222 1278 insignibus
236 1198 420 1260 decorandos
435 1219 499 1260 esse
517 1200 668 1278 placuerit,
687 1218 742 1258 nec
762 1200 910 1272 nonalios,
931 1197 1089 1280 cuicunque

76 1287 238 1345 monasterio
269 1285 397 1354 oblatos,
424 1286 470 1345 vel
500 1282 755 1364 quomodocunque
783 1282 929 1356 addictos,
962 1296 1012 1344 aut
1038 1285 1089 1344 suh

77 1372 177 1430 nomine
196 1371 380 1431 servientium
398 1370 515 1442 militiis,
534 1389 585 1429 seu
603 1370 792 1440 monasteriis,
811 1369 1009 1448 hospitalibus,
1030 1371 1092 1430 col-

77 1456 158 1533 legiis,
177 1467 225 1516 aut
244 1475 412 1536 quocunque
431 1455 488 1514 alio
507 1456 589 1514 titulo
608 1456 721 1527 assumi,
741 1455 809 1512 nihil
829 1474 866 1513 ex
883 1455 918 1514 iis
932 1456 1091 1534 privilegiis

79 1539 225 1602 detractum
244 1561 309 1600 esse
330 1539 481 1600 ordinariis
499 1540 685 1618 intelligetur,
705 1541 869 1619 quominus
888 1541 917 1610 ii,
938 1541 1037 1619 quibus
1056 1560 1091 1599 ea

78 1627 124 1684 iam
142 1646 280 1686 concessa
298 1636 376 1698 sunt,
402 1627 448 1685 vel
471 1627 500 1684 iu
522 1636 668 1706 posterum
687 1623 809 1685 concedi
828 1625 998 1702 contigerit,
1022 1627 1092 1705 ipsis

79 1710 232 1784 ordinariis,
256 1723 391 1792 tanquam
410 1709 682 1793 apostolicaesedis
701 1709 856 1788 delegatis,
880 1710 964 1788 plene
983 1711 1012 1768 in
1031 1729 1093 1778 om-

80 1796 158 1868 nibus,
176 1808 213 1869 et,
234 1796 329 1877 quom
350 1797 515 1876 capellanos
532 1797 639 1874 regios,
658 1797 736 1855 iuxta
756 1795 987 1855 constitutionem
1006 1793 1092 1855 luno·

80 1883 155 1940 centii
171 1883 274 1960 111.¹),
296 1901 367 1962 quae
385 1883 505 1962 incipit:
536 1883 626 1960 Quom
645 1881 777 1958 capello,
796 1879 918 1939 subiecti
938 1882 1090 1954 exsistaut3

81 1970 195 2046 exceptis
217 1979 314 2027 nmen
338 1968 388 2039 iis,
413 1968 458 2047 qui
481 1965 639 2046 praedictis
658 1966 731 2024 locis
749 1975 799 2023 aut
815 1964 923 2023 militiis
945 1976 1012 2024 actu
1030 1985 1093 2024 ser-

79 2052 156 2124 viunt,
175 2064 205 2112 et
221 2055 300 2113 intra
318 2072 417 2112 corum
436 2061 517 2132 septa
536 2071 570 2111 ac
589 2050 689 2109 domos
707 2049 845 2122 resident,
864 2048 972 2128 subque
992 2069 1092 2110 eorum

82 2135 232 2198 ohedientia
250 2140 363 2208 vivunt,
391 2139 450 2198 sive
469 2139 512 2208 iis,
533 2138 579 2216 qui
598 2137 725 2214 legitime
744 2146 774 2195 et
792 2133 947 2196 secuudum
964 2134 1093 2216 regulam

82 2223 221 2284 earundem
245 2225 410 2282 militiarum
429 2223 635 2302 prolessiouem
653 2221 791 2293 iecerint,
816 2219 852 2280 dc
872 2241 925 2300 qua
945 2220 1092 2281 ordinario

82 2319 202 2369 constare
234 2307 355 2380 debeat3
392 2328 448 2366 non
481 2306 658 2368 obstantibus
685 2307 842 2385 privilegiis
870 2306 1092 2386 quibuscunque,
1129 2373 1136 2378 ,

82 2393 157 2453 etiam
177 2395 328 2474 religionis
350 2394 442 2451 sancti
461 2392 575 2451 loannis
593 2390 837 2471 herosolymitani,
857 2401 887 2450 ct
904 2392 1023 2450 aliarum
1042 2393 1103 2450 mi·-

82 2475 202 2538 litierum.
248 2479 329 2552 Quae
345 2496 416 2537 vero
439 2477 589 2556 privilegia
612 2474 802 2536 residentibus
821 2478 849 2534 in
869 2477 948 2536 curia
967 2476 1095 2536 Romana

83 2562 170 2639 rigore
189 2565 376 2644 Eugeuianae
396 2563 608 2622 constitutionis
617 2564 646 2638 ²)
671 2571 721 2620 aut
743 2562 942 2621 familiaritatis
962 2561 1095 2622 cardina·

82 2643 140 2706 liam
161 2660 327 2730 competere
349 2649 456 2720 solent,
484 2668 519 2707 ea
541 2649 570 2706 in
589 2649 636 2718 iis,
661 2648 708 2724 qui
730 2647 872 2706 beneficia
895 2648 1095 2708 ecclesiastica

85 2730 214 2808 obtinent,
242 2737 354 2794 ratione
381 2732 593 2813 praedictorum
621 2731 826 2791 beneficiorum
852 2734 965 2791 minime
989 2733 1095 2792 intelli·

84 2829 187 2892 gantur,
219 2819 271 2880 sed
295 2818 433 2878 ordinarii
451 2817 644 2878 iurisdictioni
666 2817 786 2875 subiecti
809 2829 1009 2894 permaneant;
1038 2839 1095 2875 non

85 2900 249 2965 obstantibus
268 2905 479 2984 quibuscunque
498 2901 722 2962 inhibitionibus.

83 3037 107 3083 θ.
122 3035 174 3089 ΧΙΙ.
210 3042 306 3099 Quam
319 3053 374 3090 crae
389 3039 498 3088 &beant
505 3038 674 3099 promovendi
685 3036 721 3083 ud
732 3036 873 3100 dignitates
887 3043 912 3084 et
926 3039 1096 3084 canonicatus

117 3109 301 3158 cathedralium
319 3109 499 3167 eeclesiarum,
518 3107 609 3170 quidve
621 3107 738 3168 promota·
749 3111 892 3166 praestare
910 3111 1056 3156 leucander.

161 3193 249 3266 Quum
272 3193 428 3273 dignitates
454 3193 483 3251 iu
506 3192 653 3262 ecclesiis,
676 3190 845 3269 praesertim
873 3188 1094 3261 cathedralibus,

85 3273 116 3333 ed
133 3280 352 3340 conservandam
367 3275 582 3357 augendamque
597 3277 824 3336 ecclesiasticam
835 3274 1012 3355 disciplinam
1031 3276 1096 3334 lue-

86 3359 136 3419 rint
155 3364 311 3436 institutae,
338 3374 371 3424 ut
397 3366 444 3444 qui
472 3381 522 3422 eas
544 3361 709 3420 obtinerent
736 3363 844 3442 pietate
871 3361 1094 3441 praecellerent,
1108 3373 1148 3414 asu

87 3444 193 3526 allisque
211 3451 342 3530 exemplu
361 3458 471 3521 essent,
498 3449 583 3526 atquo
607 3449 759 3526 episcopos
782 3466 870 3526 opera
893 3457 924 3506 et
941 3445 1034 3506 officio
1054 3446 1097 3506 in·

87 3543 186 3603 vacent,
204 3537 306 3594 merito
326 3537 373 3615 qui
392 3533 428 3594 ed
447 3551 496 3594 ees
513 3542 654 3592 vocantur
671 3533 744 3591 tales
762 3551 825 3594 esse
844 3530 960 3605 dehent,
979 3533 1026 3611 qui
1045 3551 1097 3592 suo

88 3621 184 3678 muneri
207 3620 383 3700 respondere
407 3620 525 3699 possint.
570 3617 663 3676 Nemo
687 3618 774 3696 igitur
792 3616 928 3698 deinceps
951 3616 986 3676 ad
1006 3617 1098 3696 digui-

92 3739 288 3758 Ὰ--ιι

134 3793 204 3842 San.
218 3800 309 3845 xxtv.
336 3808 347 3845 t
372 3815 392 3846 c.
403 3799 477 3856 tux.
487 3801 515 3844 de
525 3801 585 3856 priv.
595 3799 624 3844 V.
634 3802 668 3842 ³³.
679 3807 703 3844 et
717 3798 779 3844 inire
792 3799 855 3842 inter
864 3805 938 3842 court.
949 3811 980 3841 ex
989 3803 1036 3841 ant.
1047 3797 1098 3841 iure

89 3842 193 3942 iddd‘fpg
207 3865 249 3906 per
262 3867 326 3898 cunc.
342 3806 409 3898 i‘rtt.
426 3854 555 3896 lueretur.
569 3874 594 3885 -
620 3855 643 3904 2)
658 3864 679 3894 c.
688 3854 708 3896 3,
719 3849 740 3894 b.
751 3855 768 3893 t.
783 3851 807 3893 in
822 3849 889 3894 Exta.
905 3863 984 3896 comm.
1000 3851 1028 3892 V.
1043 3851 1062 3892 'b
1074 3852 1100 3894 ot
1196 3915 1199 3923 ¹

130 3971 203 4017 rouo.
221 3979 348 4021 retorna.
890 3963 925 4020 tt
