2652 4330
196 245 228 302 4
434 237 622 300 ‘nunus
649 197 959 294 tunicaronrs

595 345 598 360 ,
1031 321 1047 348 ι

198 394 263 446 tere
282 391 381 440 nostro
400 378 437 439 de
455 397 572 438 numero
593 375 747 438 eorundem
766 379 885 437 fratrum
904 382 1066 435 nostrorum
1085 374 1122 436 S:
1136 375 1169 436 R.
1188 375 1231 442 Ε.

161 496 173 514 ·
197 466 386 527 ¹cardinalium
405 464 585 528 ,Vincentiam
604 465 733 534 mittere,
760 465 806 541 qui
824 463 933 522 initium
954 463 1071 521 concilii
1084 462 1235 543 facerent,

126 580 139 622 ῃ
200 552 401 632 praelatusque
424 546 548 628 undique
565 550 715 608 venientes
734 551 917 628 exciperent,
941 557 971 604 et
988 565 1039 617 ca,
1062 564 1135 626 quac
1152 545 1230 606 iudi·

201 647 303 699 carent
321 655 384 695 esse
404 654 483 713 opus,
503 644 625 712 agerent
642 643 673 692 et
691 643 857 704 tractarent,
878 629 971 710 quoad
989 650 1051 702 nos,
1070 631 1229 692 abitinere

200 733 232 782 et
249 722 367 800 negotio
386 721 466 798 pacis
484 720 607 789 reversi,
632 718 726 777 omnia
744 718 906 777 accuratius
923 715 1050 792 dirigere
1069 714 1234 794 possemus.

202 806 317 867 luterim
340 823 409 865 vero
433 805 461 860 in
485 801 555 861 illud
577 812 705 861 sanctum
729 821 799 879 opus
822 802 999 880 maximeque
1023 801 1230 873 necessarium,

200 891 401 950 tractationem
424 885 562 946 videlicet
584 888 665 965 pacis
688 887 764 944 inter
786 887 945 964 principes,
977 885 1169 957 incubuimus,
1197 896 1234 945 et

200 974 314 1054 quidem
333 973 408 1032 omni
427 973 512 1030 animi
532 971 635 1043 studio,
656 972 731 1031 omni
749 973 856 1050 pietate
875 990 909 1030 ac
930 969 1088 1048 diligentia.
1132 970 1236 1032 Testis-

195 1071 246 1120 εει
263 1059 345 1118 nobis
363 1057 454 1129 Deus,
483 1057 562 1116 cuius
585 1057 653 1116 freti
677 1057 828 1115 clementia
852 1056 1041 1135 nosmetipsos
1063 1054 1175 1114 itineris
1198 1067 1234 1115 et

198 1147 275 1206 vitae
287 1143 415 1222 periculo
436 1143 631 1221 exposuimus3
650 1152 747 1200 nostra
767 1143 848 1202 testis
867 1143 1054 1212 conscientia,
1074 1140 1230 1219 quaenibil

194 1230 288 1292 babet
306 1231 334 1286 in
353 1229 406 1288 bac
426 1247 458 1286 rc
478 1226 601 1306 quidem,
621 1229 649 1294 in
668 1228 724 1306 qu'o
743 1247 795 1314 nos
814 1236 916 1304 arguat
935 1235 984 1285 aut
995 1227 1236 1304 praetermissae,

199 1326 250 1374 aut
274 1334 330 1372 nnn
355 1314 501 1392 quaesitae
525 1312 561 1372 ad
579 1311 787 1396 pacificandum
806 1312 982 1385 occasionis;
1010 1311 1156 1391 principes
1173 1311 1235 1390 ipsi.

194 1410 300 1469 testes,
321 1418 391 1477 quos
410 1410 466 1457 tam
485 1417 571 1477 saepe
591 1407 705 1478 tamque
721 1396 908 1458 vehementer
925 1397 1046 1468 nunciis,
1065 1397 1167 1467 literis,
1186 1397 1235 1456 le·

200 1485 290 1562 gatis,
309 1485 437 1555 monitis,
456 1485 585 1554 hormtu,
608 1483 798 1563 precibusque
818 1483 946 1542 omnibus
965 1482 1235 1552 obsecraveramus,

196 1580 233 1634 ¹ut
255 1570 410 1644 simultates
434 1566 625 1648 deponerent,
653 1578 684 1627 ut
702 1570 730 1626 in
748 1569 916 1628 societatem
936 1569 1063 1638 coirent,
1091 1577 1122 1625 ut
1145 1566 1235 1625 ctri-

194 1656 312 1714 .stianae
330 1654 511 1733 ,reipublicae
535 1657 562 1713 in
587 1655 735 1712 maximum
759 1665 789 1712 ct
806 1655 993 1732 propinquum
1012 1654 1066 1711 iam
1085 1650 1237 1711 adductae

165 1761 167 1768 ’
203 1739 357 1800 discrimen
380 1739 574 1798 communibus
596 1737 697 1798 studiis
719 1749 749 1798 et
772 1737 904 1798 subsidiis
923 1738 1145 1816 opitularentur3
1173 1738 1235 1795 iam.-

196 1844 272 1884 .vero
290 1835 379 1884 testes
397 1825 464 1884 illae
481 1825 597 1902 vigiliae
616 1833 701 1902 atque
721 1843 821 1896 curae,
850 1824 891 1883 illi
915 1823 1008 1883 diurni
1036 1823 1230 1900 nocturnique·

195 1912 287 1969 ,animi
310 1911 399 1978 nostri
424 1910 552 1982 labores,
581 1928 738 1988 gravesque
762 1908 983 1982 sollicitudines,
1013 1929 1081 1988 quas
1100 1908 1136 1967 ob
1155 1907 1231 1966 hanc

178 2015 261 2071 grem
281 2004 311 2054 et
329 2013 442 2055 causum
460 1997 595 2074 plurimas
614 1997 668 2054 iam
688 1998 873 2075 suscepimus.
909 1994 973 2054 Nec
986 2005 1081 2054 tamen
1096 1992 1133 2052 ad
1147 2002 1237 2071 opta·

200 2082 258 2139 tum
278 2082 384 2139 exitum
405 2091 502 2138 nostra
522 2081 643 2140 consilia
662 2090 692 2140 et
709 2091 775 2139 acta
793 2081 886 2140 adhuc
905 2079 1046 2158 perducta
1064 2089 1138 2138 sunt.
1184 2076 1228 2135 lta

201 2163 276 2223 enim
298 2165 387 2221 visum
411 2164 532 2222 Domino
556 2165 618 2223 Deo
643 2174 701 2233 cst,
729 2177 812 2241 quem
839 2175 932 2224 tamen
961 2183 1017 2223 non
1044 2163 1235 2241 desperamus
1321 2192 1326 2223 t

201 2247 354 2326 aliquando
380 2258 478 2325 optata
496 2258 594 2306 nostra
612 2249 762 2325 benignius
780 2258 985 2326 respecturum.
1031 2247 1087 2324 lpsi
1106 2245 1234 2325 quidem,

202 2334 381 2412 quantumin
401 2332 482 2392 nobis
500 2333 567 2404 fuit,
595 2333 678 2403 nibil,
707 2331 781 2409 quod
805 2342 883 2391 esset
910 2342 1008 2390 nostro
1026 2332 1165 2411 pastorali
1185 2333 1229 2390 of·

200 2419 268 2476 licio
283 2417 418 2488 debitum,
434 2419 462 2475 in
476 2418 530 2476 bac
546 2436 578 2490 re
594 2419 748 2476 omisimus.
786 2416 867 2490 Quot
882 2419 906 2474 si
921 2418 1056 2496 quisunt,
1076 2419 1123 2496 qui
1137 2418 1231 2475 actio·

106 2551 110 2558 .
202 2521 253 2560 nes
270 2504 351 2580 pacis
370 2513 482 2562 nostras
501 2504 536 2559 in·
548 2503 632 2562 aliam
648 2503 873 2581 interpretentur
885 2513 1005 2580 partem,
1025 2501 1153 2562 dolemus
1169 2503 1234 2580 qui·

202 2586 281 2658 dem3
309 2586 360 2646 sed
388 2598 482 2648 tamen
510 2589 538 2644 in
566 2586 668 2646 dolore
695 2598 793 2646 nostro
822 2589 929 2666 gratias
952 2586 1014 2646 Deo
1042 2588 1234 2666 omnipotenti
1321 2590 1322 2597 ’

199 2674 319 2750 agimus,
330 2673 386 2750 ,qui
405 2671 442 2730 ad
461 2673 620 2750 exemplum
639 2682 670 2731 et
687 2671 846 2732 doctrinam
861 2675 1017 2752 patientiae
1032 2684 1148 2732 nostrae
1163 2691 1235 2730 suos

201 2757 291 2815 voluit
308 2757 465 2835 Apostolos
483 2757 584 2816 baberi
603 2756 719 2835 dignos,
739 2759 785 2836 qui
804 2778 856 2837 pro
876 2761 990 2818 nomine
1009 2760 1088 2830 lesu,
1108 2759 1156 2836 qui
1174 2777 1231 2835 pax

201 2851 299 2900 nostra
322 2853 380 2914 est,
409 2843 609 2902 conmmeliam
636 2845 856 2921 paterentur1).
901 2842 1008 2902 Verum
1035 2845 1064 2902 in
1087 2844 1136 2902 illo
1161 2861 1236 2901 con-

197 2945 301 3004 gressu
326 2927 529 3006 colloquioque
552 2938 666 2998 nostro,
694 2927 769 3007 quod
788 2927 916 2988 Nicaeae
934 2929 1060 2989 habitum
1079 2939 1138 3000 est,
1165 2929 1235 2998 etsi,

200 3014 330 3091 pcccatis
353 3014 457 3071 nostris
480 3011 713 3092 impedientibus,
745 3015 822 3074 inter
848 3014 919 3074 duos
941 3016 1086 3093 principes
1108 3032 1178 3072 vera
1201 3023 1231 3071 et

197 3109 340 3175 perpetua
362 3117 419 3176 pax
441 3117 497 3156 non
520 3101 613 3176 potuit
637 3099 754 3170 confici,
782 3098 915 3160 induciae
938 3109 1033 3157 tamen
1053 3097 1233 3158 decennalcs

199 3182 296 3242 factae
323 3193 401 3254 sust,
431 3200 546 3260 quarum
574 3186 787 3262 opportunitate
815 3204 867 3242 nos
890 3193 1039 3261 sperantes
1062 3193 1092 3242 et
1115 3202 1229 3242 sacrum

196 3268 354 3332 ,concilium
374 3266 549 3326 commodius
568 3269 743 3329 celebratum
762 3270 807 3338 iri,
826 3277 857 3326 et
874 3265 978 3327 deinde
997 3281 1034 3326 cx
1048 3268 1164 3328 concilii
1178 3286 1232 3326 au·

184 3353 338 3422 ¹ctoritate
356 3351 457 3430 perlici
475 3371 559 3431 posse
578 3371 693 3430 pacem,
713 3350 787 3432 apud
806 3354 951 3431 principes
969 3354 1131 3426 institimus,
1150 3361 1232 3411 utet

198 3437 256 3513 ipsi
273 3438 407 3494 venirent
425 3435 460 3495 ad
480 3437 642 3507 concilium,
661 3448 692 3496 et
709 3437 855 3516 praelatos
873 3457 939 3497 suos
957 3450 1126 3518 praesentes
1139 3435 1232 3496 duce·

199 3530 280 3590 rent,
301 3518 497 3601 ,absentesque
520 3532 714 3582 accerserent.
761 3522 815 3596 Qui
833 3543 915 3603 quum
934 3522 970 3583 de
989 3535 1109 3602 utroque
1127 3541 1158 3582 se
1177 3541 1235 3580 ex·-

198 3615 364 3698 ἐευειιεειῖιιι,
392 3605 468 3684 quod
491 3617 521 3667 et
542 3608 611 3687 ipsis
628 3605 725 3666 redire
743 3610 771 3668 in
790 3627 880 3689 regna
899 3627 949 3670 sua
968 3621 1026 3670 tum
1043 3626 1171 3670 neccsse·
1183 3624 1231 3664 ea·

203 3729 416 3752 „m

245 3802 413 3857 tuctthl.
441 3841 443 3846 .
533 3841 537 3849 ,
