2654 4334
306 173 598 264 sessioxxvp'
621 211 679 263 nu
706 209 974 265 nascamur.
1073 213 1154 270 m

113 356 154 401 (l.
172 353 244 400 Xlll.
280 351 410 411 Quartum
422 353 586 416 funerob'um
604 351 769 400 cathedrales
791 353 834 400 cel
845 345 1013 414 puroeblulc'r
1031 353 1155 403 ecclesiae
1180 385 1187 390 -

569 422 706 480 recipiant.

214 505 355 566 Decernit
377 501 638 586 sancmpsynodus,
662 513 693 563 nt
716 503 927 583 quibuscunque
951 506 981 565 in
1004 505 1076 564 loeis
1100 507 1154 564 iam

122 601 197 649 ante
223 608 314 648 annos
340 587 529 667 quadraginta
557 591 709 667 quarta1),
741 605 813 666 quae
841 589 1009 651 funeralium
1037 589 1153 660 (licitur,

121 671 290 736 cathedrali
316 682 366 734 ant
391 673 551 752 parochiali
578 674 722 733 ecclesiae
748 675 833 732 solita
860 685 938 734 esset
955 675 1090 754 persolvi,
1120 693 1154 734 ac

121 771 231 840 postea
257 760 345 820 luerit
371 778 408 818 ex
435 777 602 838 quocunque
620 758 771 838 privilegio
795 759 858 819 aliis
876 760 1070 831 monasteriis,
1102 758 1156 818 ho-

122 845 278 925 spitalibus
291 853 341 903 ant
353 843 653 923 quibuscunque'lccis
670 844 725 924 piis
744 863 892 916 concessa,
915 843 1015 904 cadem
1034 844 1154 924 posthac

123 933 244 1009 integro
266 931 345 1001 iure,
368 939 399 988 et
421 926 521 989 eadem
544 929 692 1008 portione,
716 947 773 1007 qua
795 939 881 989 antea
902 929 1029 1001 solebat,
1056 929 1156 990 cathe-

124 1015 204 1076 drali
231 1033 284 1076 een
310 1014 470 1093 parochiali
497 1014 640 1074 eeclesiae
667 1015 860 1093 persolvatnr3
893 1035 949 1074 non
977 1013 1155 1074 obstantibus

124 1101 380 1172 concessionibus,
405 1099 520 1177 gratiis,
539 1099 709 1178 privilegiis,
729 1099 815 1158 etiam
835 1102 905 1160 mari
924 1120 1027 1179 magno
1046 1119 1155 1159 nuncu·

125 1187 214 1264 patis,
232 1195 283 1245 aut
299 1185 363 1246 eliis
381 1184 603 1264 quibuscunque.

183 1325 209 1368 c.
228 1321 296 1371 XIV.
333 1322 529 1369 Praescribitur
546 1324 617 1368 rutto
634 1320 831 1381 procederetur
849 1333 935 1368 currem
953 1323 1104 1369 elericorum

522 1390 768 1436 concubinariorum.

218 1473 305 1548 Quam
324 1484 406 1552 turpe
430 1491 464 1531 ac
483 1474 654 1532 clericorum
674 1475 802 1544 nomine,
826 1474 872 1552 qui
895 1491 927 1532 se
950 1470 1047 1534 divino
1067 1473 1156 1534 cultui

127 1557 312 1629 addixerunt,
331 1560 369 1618 sit
386 1557 539 1636 indignum,
560 1561 587 1616 in
605 1558 800 1636 impudicitiae
814 1556 946 1616 sordibus
956 1558 1155 1638 immundoque

130 1643 323 1704 concubinatu
340 1644 465 1714 versari,
484 1643 553 1702 satis
571 1661 619 1702 res
636 1645 707 1722 ipsa,
728 1643 868 1702 communi
887 1641 1011 1701 bdelium
1031 1646 1154 1702 omnium

128 1730 290 1789 offensione
310 1747 473 1807 summoque
491 1729 635 1787 clericalis
653 1729 771 1787 militiae
789 1726 935 1788 dedecore
954 1738 1085 1788 testatur.
1119 1727 1157 1787 Ut

124 1816 219 1893 igitur
242 1812 278 1872 ad
296 1831 373 1885 eam,
398 1832 479 1893 quam
503 1811 601 1884 decet,
627 1813 831 1872 continentiam
855 1831 889 1871 ac
911 1815 987 1872 vitae
1006 1814 1208 1891 integrior-no

126 1911 191 1958 tem
209 1900 331 1957 ministri
350 1900 492 1958 ecclesiae
510 1907 697 1970 revocentur,
717 1898 892 1977 populusque
911 1897 977 1956 binc
997 1917 1047 1958 eos
1066 1901 1156 1975 magis

130 1983 225 2043 discat
243 1985 381 2054 revereri,
401 2001 456 2064 quo
467 1983 532 2043 illos
545 1983 604 2042 vita
617 1982 800 2043 honestiores
820 1983 1002 2060 cognoverit:
1021 1983 1157 2061 probibet

130 2067 376 2148 sanctasynodus
395 2069 607 2148 quibuscunque
627 2069 752 2140 clericis,
772 2087 807 2128 ue
826 2068 1000 2128 concubinas
1019 2077 1068 2126 aut
1085 2067 1156 2127 alias

125 2155 279 2226 mulieres,
299 2152 335 2212 de
354 2155 454 2232 quibus
471 2155 561 2234 possit
577 2153 678 2213 baberi
696 2155 835 2234 suspicio,
859 2155 888 2212 iu
907 2152 991 2211 domo
1009 2153 1054 2213 vel
1074 2163 1157 2214 extra

128 2239 278 2310 detmare,
306 2249 355 2299 aut
380 2259 444 2298 cum
462 2241 498 2298 iis
518 2240 603 2299 ullam
631 2238 865 2301 consuetudinem
882 2239 990 2298 babere
1017 2237 1155 2313 audeant;

129 2326 258 2404 alioquin
275 2325 376 2404 poenis
393 2345 412 2383 a
429 2324 520 2384 saeris
538 2324 695 2385 canonibus
712 2325 758 2385 vel
776 2326 888 2384 statutis
907 2324 1094 2384 ecclesiarum
1104 2326 1156 2383 im·

20 2435 24 2445 ·
128 2411 234 2490 positis
251 2411 452 2490 puniantur2).
497 2409 579 2482 Quod
601 2412 626 2469 si
648 2430 666 2469 a
683 2409 879 2489 superioribus
896 2408 995 2469 moniti
1017 2408 1053 2469 ab
1071 2409 1106 2468 iis
1125 2428 1155 2469 sc

130 2515 190 2554 nou
208 2493 409 2565 abstinuerint,
429 2495 515 2554 tertia
532 2506 614 2573 parte
633 2495 789 2567 fructuum,
813 2494 1013 2555 obventionum
1036 2514 1071 2554 ac
1089 2514 1157 2574 pro-

129 2579 497 2642 ventuumbcneficiorum
528 2600 642 2638 suorum
674 2599 905 2660 quorumcunque
933 2589 963 2639 et
989 2579 1156 2658 pensionum

130 2667 195 2746 ipso
219 2665 297 2724 lecto
321 2665 378 2722 sint
398 2665 502 2744 privati
511 2665 554 2738 ³),
588 2683 660 2744 quae
682 2665 810 2727 fabricae
835 2665 978 2729 ecclcsiae
993 2676 1051 2732 ‚aut
1072 2663 1157 2724 alteri

129 2752 181 2832 pio
204 2749 276 2810 loeo.
295 2749 415 2808 arbitrio
438 2751 566 2830 episcopi
594 2749 765 2829 applicetur.
823 2747 873 2808 Sin
899 2770 969 2810 vero
996 2749 1026 2808 in
1049 2747 1156 2810 delicto

131 2833 237 2896 eodem
264 2854 327 2894 cum
354 2834 454 2894 eadem
481 2835 527 2895 vel
554 2835 610 2893 alia
636 2834 742 2894 femina
767 2844 986 2914 perseverantes
1013 2833 1156 2894 secundae

131 2920 284 2982 monitioni
302 2917 395 2982 adbuc
413 2939 470 2978 non
487 2921 649 3003 paruerint,
673 2940 730 2978 non
749 2928 855 2978 tantum
878 2919 987 2979 fructus
1006 2937 1103 2978 omnes
1122 2938 1156 2979 ac

126 3014 288 3090 proventus
306 3023 419 3064 suorum
441 3003 645 3064 beneficiorum
664 3014 695 3064 et
710 3007 863 3083 pensiones
881 3021 917 3063 eo
934 3003 998 3082 ipso
1017 3003 1156 3075 amittant,

132 3091 182 3173 qui
200 3085 356 3168 praedictis
375 3089 447 3150 locis
465 3090 657 3170 applicentur,
680 3087 733 3148 sed
752 3088 838 3148 etiam
856 3109 873 3148 a
890 3085 1096 3148 beneficiorum
1114 3088 1157 3168 ip-

126 3194 230 3238 sorum
248 3169 508 3247 administratione,
527 3172 620 3256 quoad
639 3173 808 3246 ordinarius,
828 3175 914 3235 etiam
932 3173 973 3234 uti
990 3171 1068 3234 seon
1087 3192 1158 3254 apo·
1187 3252 1192 3260 ἱ

132 3259 255 3320 stolicae
277 3258 441 3338 delegatus,
466 3259 665 3332 arbitrabitur,
687 3256 909 3340 suspendantur,
932 3260 1009 3318 etsi
1032 3259 1074 3316 ita
1095 3277 1158 3317 sus·
1227 3327 1229 3330 ¹

130 3344 217 3429 ,pensi
234 3345 415 3405 nibilominus
438 3363 488 3404 eas
510 3364 567 3404 uon
590 3343 748 3423 expellant,
772 3355 821 3404 aut
843 3365 905 3405 eum
924 3345 960 3404 iis
983 3344 1069 3402 etiam
1091 3362 1157 3402 ver·

128 3440 247 3502 ¹sentur,
266 3441 333 3492 tune
351 3428 514 3501 beneficiis,
531 3427 724 3510 portionibus,
749 3445 788 3490 ae·
803 3431 903 3490 officiis
926 3438 957 3488 et
973 3427 1157 3508 pensionibus

129 3515 348 3598 quibuscunque
367 3514 571 3578 ecelesiasticis
588 3524 727 3596 perpetuo
745 3515 944 3596 perveniunt),
972 3525 1057 3596 atque
1076 3511 1157 3572 inha-

186 3712 265 3757 Sen.
283 3712 362 3757 XXV.
389 3717 409 3765 1)
425 3711 456 3756 cf.
471 3726 491 3756 c.
504 3716 525 3756 8.
539 3685 572 3755 X.
587 3713 615 3755 cie
630 3712 717 3768 sepult.
731 3711 776 3756 111.
791 3715 825 3754 28.
840 3711 1047 3768 (Luc.111.)e.².
1062 3711 1085 3756 b.
1100 3718 1117 3756 t.
1132 3713 1156 3754 in

132 3763 194 3807 vito
208 3762 253 3808 111.
264 3767 297 3807 12.
313 3763 397 3816 (lionis.
408 3763 488 3818 vui.)
498 3763 571 3806 Clcm.
581 3767 601 3806 2.
611 3763 632 3806 b.
644 3770 659 3807 t.
670 3763 716 3807 ΙΙΙ.
726 3766 746 3805 l.
756 3787 782 3796 -
807 3766 830 3816 2)
841 3763 871 3806 of.
881 3765 944 3806 inter
958 3767 1003 3807 cet.
1018 3767 1061 3806 tot.
1073 3765 1114 3806 tit.
1124 3763 1156 3808 X.

119 3815 163 3908 ape
168 3814 566 3922 teqliEnxlpiepcboqutenaulmlllpibnn-i,
576 3817 599 3870 b)
614 3815 643 3858 cl.
653 3827 675 3858 c.
684 3818 704 3856 b.
713 3817 734 3856 b.
748 3813 772 3858 b.
782 3819 799 3857 t.
813 3814 893 3869 (Alex.
904 3814 964 3870 ΠΙ.)
971 3835 997 3850 ··
1021 3818 1044 3867 b)
1058 3813 1091 3860 ci.
1105 3826 1125 3857 e.
1135 3816 1154 3860 2
1196 3831 1201 3836 ·
