<?xml version="1.0" encoding="UTF-8"?>
<!DOCTYPE html PUBLIC "-//W3C//DTD XHTML 1.0 Transitional//EN"
    "http://www.w3.org/TR/xhtml1/DTD/xhtml1-transitional.dtd">
<html xmlns="http://www.w3.org/1999/xhtml" xml:lang="en" lang="en">
 <head>
  <title>
</title>
<meta http-equiv="Content-Type" content="text/html;charset=utf-8" />
  <meta name='ocr-system' content='tesseract 3.04.00' />
  <meta name='ocr-capabilities' content='ocr_page ocr_carea ocr_par ocr_line ocrx_word'/>
</head>
<body>
  <div class='ocr_page' id='page_1' title='image "./canonesetdecret00stergoog_0066.png"; bbox 0 0 2652 4330; ppageno 0'>
   <div class='ocr_carea' id='block_1_1' title="bbox 303 253 1123 312">
    <p class='ocr_par' dir='ltr' id='par_1_1' title="bbox 303 253 1123 312">
     <span class='ocr_line' id='line_1_1' title="bbox 303 253 1123 312; baseline 0 0"><span class='ocrx_word' id='word_1_1' title='bbox 303 253 447 312; x_wconf 66' lang='lat' dir='ltr'><strong>&#39;ESSlO</strong></span> <span class='ocrx_word' id='word_1_2' title='bbox 465 256 498 308; x_wconf 82' lang='grc' dir='ltr'><strong>Χ.</strong></span> <span class='ocrx_word' id='word_1_3' title='bbox 522 255 577 308; x_wconf 82' lang='lat' dir='ltr'><strong>De</strong></span> <span class='ocrx_word' id='word_1_4' title='bbox 596 253 806 310; x_wconf 73' lang='lat' dir='ltr'><strong>RESUMPT.</strong></span> <span class='ocrx_word' id='word_1_5' title='bbox 826 255 943 310; x_wconf 84' lang='lat' dir='ltr'><strong>coNc.</strong></span> <span class='ocrx_word' id='word_1_6' title='bbox 1069 253 1123 312; x_wconf 66' lang='grc' dir='ltr'><strong>δῦ</strong></span> 
     </span>
    </p>
   </div>
   <div class='ocr_carea' id='block_1_2' title="bbox 295 453 926 514">
    <p class='ocr_par' dir='ltr' id='par_1_2' title="bbox 295 453 926 514">
     <span class='ocr_line' id='line_1_2' title="bbox 295 453 926 514; baseline 0.006 -4"><span class='ocrx_word' id='word_1_7' title='bbox 295 453 476 510; x_wconf 69' lang='lat' dir='ltr'><strong>nunna</strong></span> <span class='ocrx_word' id='word_1_8' title='bbox 503 455 926 514; x_wconf 69' lang='lat' dir='ltr'><strong>Blesttm’ntontls</strong></span> 
     </span>
    </p>
   </div>
   <div class='ocr_carea' id='block_1_3' title="bbox 92 531 1122 790">
    <p class='ocr_par' dir='ltr' id='par_1_3' title="bbox 92 531 1122 790">
     <span class='ocr_line' id='line_1_3' title="bbox 92 531 1122 654; baseline 0.004 -22"><span class='ocrx_word' id='word_1_9' title='bbox 92 531 501 636; x_wconf 71' lang='lat' dir='ltr'><strong>cortonula</strong></span> <span class='ocrx_word' id='word_1_10' title='bbox 566 561 1122 654; x_wconf 75' lang='lat' dir='ltr'><strong>resonantur,</strong></span> 
     </span>
     <span class='ocr_line' id='line_1_4' title="bbox 225 688 975 790; baseline 0.003 -36"><span class='ocrx_word' id='word_1_11' title='bbox 225 688 325 756; x_wconf 82' lang='lat' dir='ltr'><strong>SUB</strong></span> <span class='ocrx_word' id='word_1_12' title='bbox 366 691 615 790; x_wconf 86' lang='lat' dir='ltr'><strong>lULlOlll.</strong></span> <span class='ocrx_word' id='word_1_13' title='bbox 652 689 810 756; x_wconf 86' lang='lat' dir='ltr'><strong>PONT.</strong></span> <span class='ocrx_word' id='word_1_14' title='bbox 848 689 975 757; x_wconf 86' lang='lat' dir='ltr'><strong>MAX.</strong></span> 
     </span>
    </p>
   </div>
   <div class='ocr_carea' id='block_1_4' title="bbox 86 828 1179 3982">
    <p class='ocr_par' dir='ltr' id='par_1_4' title="bbox 86 828 1179 3982">
     <span class='ocr_line' id='line_1_5' title="bbox 173 828 1122 911; baseline 0.004 -23"><span class='ocrx_word' id='word_1_15' title='bbox 173 828 262 889; x_wconf 89' lang='lat' dir='ltr'><strong>lulius</strong></span> <span class='ocrx_word' id='word_1_16' title='bbox 285 829 458 911; x_wconf 82' lang='lat' dir='ltr'>Episcopus,</span> <span class='ocrx_word' id='word_1_17' title='bbox 487 850 585 890; x_wconf 72' lang='lat' dir='ltr'><strong>servus</strong></span> <span class='ocrx_word' id='word_1_18' title='bbox 612 853 759 892; x_wconf 88' lang='lat' dir='ltr'><strong>servorum</strong></span> <span class='ocrx_word' id='word_1_19' title='bbox 778 832 845 902; x_wconf 88' lang='lat' dir='ltr'><strong>Dei,</strong></span> <span class='ocrx_word' id='word_1_20' title='bbox 875 831 911 892; x_wconf 90' lang='lat' dir='ltr'><strong>ad</strong></span> <span class='ocrx_word' id='word_1_21' title='bbox 934 833 1055 892; x_wconf 85' lang='lat' dir='ltr'><strong>futuram</strong></span> <span class='ocrx_word' id='word_1_22' title='bbox 1078 836 1122 894; x_wconf 89' lang='lat' dir='ltr'><strong>rei</strong></span> 
     </span>
     <span class='ocr_line' id='line_1_6' title="bbox 94 914 1121 996; baseline 0.006 -26"><span class='ocrx_word' id='word_1_23' title='bbox 94 917 264 974; x_wconf 80' lang='lat' dir='ltr'><strong>memoriam.</strong></span> <span class='ocrx_word' id='word_1_24' title='bbox 303 915 392 990; x_wconf 81' lang='lat' dir='ltr'><strong>Quum</strong></span> <span class='ocrx_word' id='word_1_25' title='bbox 411 914 447 974; x_wconf 96' lang='lat' dir='ltr'><strong>ad</strong></span> <span class='ocrx_word' id='word_1_26' title='bbox 466 915 594 975; x_wconf 87' lang='lat' dir='ltr'><strong>tollenda</strong></span> <span class='ocrx_word' id='word_1_27' title='bbox 612 918 761 995; x_wconf 87' lang='lat' dir='ltr'><strong>religionis</strong></span> <span class='ocrx_word' id='word_1_28' title='bbox 775 929 891 976; x_wconf 86' lang='lat' dir='ltr'><strong>nostrae</strong></span> <span class='ocrx_word' id='word_1_29' title='bbox 905 915 1033 989; x_wconf 91' lang='lat' dir='ltr'><strong>dissidia,</strong></span> <span class='ocrx_word' id='word_1_30' title='bbox 1049 937 1121 996; x_wconf 89' lang='lat' dir='ltr'><strong>quae</strong></span> 
     </span>
     <span class='ocr_line' id='line_1_7' title="bbox 96 997 1121 1078; baseline 0.005 -22"><span class='ocrx_word' id='word_1_31' title='bbox 96 1000 119 1056; x_wconf 94' lang='lat' dir='ltr'><strong>in</strong></span> <span class='ocrx_word' id='word_1_32' title='bbox 142 997 296 1058; x_wconf 81' lang='lat' dir='ltr'>Germania</span> <span class='ocrx_word' id='word_1_33' title='bbox 319 1001 406 1077; x_wconf 89' lang='lat' dir='ltr'><strong>longo</strong></span> <span class='ocrx_word' id='word_1_34' title='bbox 430 1011 560 1078; x_wconf 91' lang='lat' dir='ltr'><strong>tempore</strong></span> <span class='ocrx_word' id='word_1_35' title='bbox 584 1019 641 1058; x_wconf 92' lang='lat' dir='ltr'><strong>non</strong></span> <span class='ocrx_word' id='word_1_36' title='bbox 664 1003 726 1060; x_wconf 86' lang='lat' dir='ltr'><strong>sine</strong></span> <span class='ocrx_word' id='word_1_37' title='bbox 754 1003 842 1061; x_wconf 90' lang='lat' dir='ltr'><strong>totius</strong></span> <span class='ocrx_word' id='word_1_38' title='bbox 866 1002 1019 1060; x_wconf 76' lang='lat' dir='ltr'><strong>Christiani</strong></span> <span class='ocrx_word' id='word_1_39' title='bbox 1043 1003 1121 1062; x_wconf 89' lang='lat' dir='ltr'><strong>orbis</strong></span> 
     </span>
     <span class='ocr_line' id='line_1_8' title="bbox 95 1084 1122 1165; baseline 0.006 -25"><span class='ocrx_word' id='word_1_40' title='bbox 95 1085 306 1159; x_wconf 79' lang='lat' dir='ltr'><strong>perturbatione</strong></span> <span class='ocrx_word' id='word_1_41' title='bbox 335 1095 365 1144; x_wconf 90' lang='lat' dir='ltr'><strong>et</strong></span> <span class='ocrx_word' id='word_1_42' title='bbox 383 1084 519 1144; x_wconf 89' lang='lat' dir='ltr'><strong>seandalo</strong></span> <span class='ocrx_word' id='word_1_43' title='bbox 541 1087 708 1164; x_wconf 70' lang='lat' dir='ltr'><strong>riguerunt,</strong></span> <span class='ocrx_word' id='word_1_44' title='bbox 736 1087 854 1157; x_wconf 89' lang='lat' dir='ltr'><strong>bonum,</strong></span> <span class='ocrx_word' id='word_1_45' title='bbox 885 1098 1072 1165; x_wconf 87' lang='lat' dir='ltr'><strong>opportunum</strong></span> <span class='ocrx_word' id='word_1_46' title='bbox 1091 1098 1122 1146; x_wconf 89' lang='lat' dir='ltr'><strong>et</strong></span> 
     </span>
     <span class='ocr_line' id='line_1_9' title="bbox 96 1167 1120 1245; baseline 0.007 -21"><span class='ocrx_word' id='word_1_47' title='bbox 96 1167 245 1245; x_wconf 76' lang='lat' dir='ltr'><strong>expediens</strong></span> <span class='ocrx_word' id='word_1_48' title='bbox 274 1189 337 1228; x_wconf 90' lang='lat' dir='ltr'><strong>esse</strong></span> <span class='ocrx_word' id='word_1_49' title='bbox 364 1169 510 1241; x_wconf 85' lang='lat' dir='ltr'><strong>videatur,</strong></span> <span class='ocrx_word' id='word_1_50' title='bbox 538 1172 622 1229; x_wconf 89' lang='lat' dir='ltr'><strong>sicuti</strong></span> <span class='ocrx_word' id='word_1_51' title='bbox 645 1173 731 1230; x_wconf 85' lang='lat' dir='ltr'><strong>etiam</strong></span> <span class='ocrx_word' id='word_1_52' title='bbox 759 1173 921 1230; x_wconf 86' lang='lat' dir='ltr'><strong>carissimus</strong></span> <span class='ocrx_word' id='word_1_53' title='bbox 948 1173 977 1229; x_wconf 90' lang='lat' dir='ltr'><strong>in</strong></span> <span class='ocrx_word' id='word_1_54' title='bbox 1005 1172 1120 1232; x_wconf 87' lang='lat' dir='ltr'><strong>Christo</strong></span> 
     </span>
     <span class='ocr_line' id='line_1_10' title="bbox 96 1252 1155 1336; baseline 0.002 -27"><span class='ocrx_word' id='word_1_55' title='bbox 96 1252 161 1312; x_wconf 86' lang='lat' dir='ltr'><strong>hlius</strong></span> <span class='ocrx_word' id='word_1_56' title='bbox 182 1265 285 1314; x_wconf 88' lang='lat' dir='ltr'><strong>noster</strong></span> <span class='ocrx_word' id='word_1_57' title='bbox 307 1254 428 1327; x_wconf 83' lang='lat' dir='ltr'><strong>Carolus</strong></span> <span class='ocrx_word' id='word_1_58' title='bbox 450 1254 642 1315; x_wconf 87' lang='lat' dir='ltr'><strong>Romanorum</strong></span> <span class='ocrx_word' id='word_1_59' title='bbox 665 1258 821 1336; x_wconf 87' lang='lat' dir='ltr'><strong>imperator</strong></span> <span class='ocrx_word' id='word_1_60' title='bbox 847 1275 960 1336; x_wconf 87' lang='lat' dir='ltr'><strong>semper</strong></span> <span class='ocrx_word' id='word_1_61' title='bbox 975 1268 1155 1334; x_wconf 78' lang='lat' dir='ltr'><strong>augustuseo</strong></span> 
     </span>
     <span class='ocr_line' id='line_1_11' title="bbox 96 1338 1120 1418; baseline 0.006 -24"><span class='ocrx_word' id='word_1_62' title='bbox 96 1338 168 1396; x_wconf 91' lang='lat' dir='ltr'><strong>nohis</strong></span> <span class='ocrx_word' id='word_1_63' title='bbox 187 1359 240 1418; x_wconf 88' lang='lat' dir='ltr'><strong>per</strong></span> <span class='ocrx_word' id='word_1_64' title='bbox 263 1359 329 1398; x_wconf 91' lang='lat' dir='ltr'><strong>suas</strong></span> <span class='ocrx_word' id='word_1_65' title='bbox 348 1341 447 1399; x_wconf 81' lang='lat' dir='ltr'><strong>literas</strong></span> <span class='ocrx_word' id='word_1_66' title='bbox 471 1351 501 1399; x_wconf 91' lang='lat' dir='ltr'><strong>et</strong></span> <span class='ocrx_word' id='word_1_67' title='bbox 518 1343 638 1400; x_wconf 81' lang='lat' dir='ltr'><strong>nuncios</strong></span> <span class='ocrx_word' id='word_1_68' title='bbox 661 1343 818 1418; x_wconf 87' lang='lat' dir='ltr'><strong>significari</strong></span> <span class='ocrx_word' id='word_1_69' title='bbox 840 1342 925 1412; x_wconf 86' lang='lat' dir='ltr'><strong>fecit,</strong></span> <span class='ocrx_word' id='word_1_70' title='bbox 954 1352 986 1399; x_wconf 90' lang='lat' dir='ltr'><strong>ut</strong></span> <span class='ocrx_word' id='word_1_71' title='bbox 1008 1361 1120 1400; x_wconf 86' lang='lat' dir='ltr'><strong>sacrum</strong></span> 
     </span>
     <span class='ocr_line' id='line_1_12' title="bbox 96 1425 1119 1505; baseline 0.007 -26"><span class='ocrx_word' id='word_1_72' title='bbox 96 1426 305 1484; x_wconf 87' lang='lat' dir='ltr'><strong>oecumenicum</strong></span> <span class='ocrx_word' id='word_1_73' title='bbox 323 1426 460 1502; x_wconf 86' lang='lat' dir='ltr'><strong>generale</strong></span> <span class='ocrx_word' id='word_1_74' title='bbox 480 1427 632 1485; x_wconf 89' lang='lat' dir='ltr'><strong>concilium</strong></span> <span class='ocrx_word' id='word_1_75' title='bbox 655 1445 708 1505; x_wconf 92' lang='lat' dir='ltr'><strong>per</strong></span> <span class='ocrx_word' id='word_1_76' title='bbox 725 1428 774 1486; x_wconf 89' lang='lat' dir='ltr'><strong>lel.</strong></span> <span class='ocrx_word' id='word_1_77' title='bbox 798 1445 859 1485; x_wconf 89' lang='lat' dir='ltr'><strong>rec.</strong></span> <span class='ocrx_word' id='word_1_78' title='bbox 878 1425 995 1486; x_wconf 87' lang='lat' dir='ltr'><strong>Paulum</strong></span> <span class='ocrx_word' id='word_1_79' title='bbox 1014 1427 1119 1505; x_wconf 89' lang='lat' dir='ltr'><strong>Papam</strong></span> 
     </span>
     <span class='ocr_line' id='line_1_13' title="bbox 95 1505 1119 1590; baseline 0.006 -26"><span class='ocrx_word' id='word_1_80' title='bbox 95 1505 140 1565; x_wconf 87' lang='lat' dir='ltr'><strong>lll.</strong></span> <span class='ocrx_word' id='word_1_81' title='bbox 158 1510 414 1588; x_wconf 89' lang='lat' dir='ltr'><strong>praedecessorem</strong></span> <span class='ocrx_word' id='word_1_82' title='bbox 432 1521 558 1570; x_wconf 90' lang='lat' dir='ltr'><strong>nostrum</strong></span> <span class='ocrx_word' id='word_1_83' title='bbox 578 1511 727 1582; x_wconf 87' lang='lat' dir='ltr'><strong>indictum,</strong></span> <span class='ocrx_word' id='word_1_84' title='bbox 752 1525 783 1570; x_wconf 92' lang='lat' dir='ltr'><strong>et</strong></span> <span class='ocrx_word' id='word_1_85' title='bbox 804 1531 857 1590; x_wconf 87' lang='lat' dir='ltr'><strong>per</strong></span> <span class='ocrx_word' id='word_1_86' title='bbox 879 1531 944 1582; x_wconf 93' lang='lat' dir='ltr'><strong>nos,</strong></span> <span class='ocrx_word' id='word_1_87' title='bbox 969 1523 1035 1570; x_wconf 89' lang='lat' dir='ltr'><strong>tunc</strong></span> <span class='ocrx_word' id='word_1_88' title='bbox 1055 1531 1119 1570; x_wconf 81' lang='lat' dir='ltr'><strong>car-</strong></span> 
     </span>
     <span class='ocr_line' id='line_1_14' title="bbox 95 1590 1118 1676; baseline 0.008 -28"><span class='ocrx_word' id='word_1_89' title='bbox 95 1590 227 1654; x_wconf 86' lang='lat' dir='ltr'><strong>dinalatus</strong></span> <span class='ocrx_word' id='word_1_90' title='bbox 246 1597 358 1655; x_wconf 87' lang='lat' dir='ltr'><strong>honore</strong></span> <span class='ocrx_word' id='word_1_91' title='bbox 377 1598 540 1674; x_wconf 84' lang='lat' dir='ltr'><strong>fungentes,</strong></span> <span class='ocrx_word' id='word_1_92' title='bbox 560 1609 645 1676; x_wconf 90' lang='lat' dir='ltr'><strong>atque</strong></span> <span class='ocrx_word' id='word_1_93' title='bbox 669 1599 756 1675; x_wconf 90' lang='lat' dir='ltr'><strong>ipsius</strong></span> <span class='ocrx_word' id='word_1_94' title='bbox 774 1596 1009 1675; x_wconf 84' lang='lat' dir='ltr'><strong>praedecessoris</strong></span> <span class='ocrx_word' id='word_1_95' title='bbox 1027 1599 1118 1656; x_wconf 90' lang='lat' dir='ltr'><strong>nomi·</strong></span> 
     </span>
     <span class='ocr_line' id='line_1_15' title="bbox 96 1677 1118 1765; baseline 0.006 -32"><span class='ocrx_word' id='word_1_96' title='bbox 96 1695 135 1748; x_wconf 88' lang='lat' dir='ltr'><strong>ne,</strong></span> <span class='ocrx_word' id='word_1_97' title='bbox 153 1699 207 1739; x_wconf 91' lang='lat' dir='ltr'><strong>una</strong></span> <span class='ocrx_word' id='word_1_98' title='bbox 225 1701 292 1741; x_wconf 88' lang='lat' dir='ltr'><strong>cum</strong></span> <span class='ocrx_word' id='word_1_99' title='bbox 310 1681 420 1741; x_wconf 91' lang='lat' dir='ltr'><strong>duobus</strong></span> <span class='ocrx_word' id='word_1_100' title='bbox 439 1682 502 1741; x_wconf 90' lang='lat' dir='ltr'><strong>aliis</strong></span> <span class='ocrx_word' id='word_1_101' title='bbox 520 1693 637 1741; x_wconf 88' lang='lat' dir='ltr'><strong>sanetae</strong></span> <span class='ocrx_word' id='word_1_102' title='bbox 657 1681 802 1741; x_wconf 79' lang='lat' dir='ltr'><strong>Romanae</strong></span> <span class='ocrx_word' id='word_1_103' title='bbox 821 1677 965 1765; x_wconf 25' lang='lat' dir='ltr'><strong>ecclesia&#39;le</strong></span> <span class='ocrx_word' id='word_1_104' title='bbox 985 1679 1118 1740; x_wconf 86' lang='lat' dir='ltr'><strong>cardina·</strong></span> 
     </span>
     <span class='ocr_line' id='line_1_16' title="bbox 97 1761 1118 1847; baseline 0.006 -29"><span class='ocrx_word' id='word_1_105' title='bbox 97 1761 160 1822; x_wconf 91' lang='lat' dir='ltr'><strong>libus</strong></span> <span class='ocrx_word' id='word_1_106' title='bbox 177 1765 230 1844; x_wconf 93' lang='lat' dir='ltr'><strong>ipsi</strong></span> <span class='ocrx_word' id='word_1_107' title='bbox 250 1767 376 1826; x_wconf 88' lang='lat' dir='ltr'><strong>concilio</strong></span> <span class='ocrx_word' id='word_1_108' title='bbox 394 1765 606 1847; x_wconf 82' lang='lat' dir='ltr'><strong>praesidentes,</strong></span> <span class='ocrx_word' id='word_1_109' title='bbox 634 1769 791 1845; x_wconf 88' lang='lat' dir='ltr'><strong>inceptum,</strong></span> <span class='ocrx_word' id='word_1_110' title='bbox 817 1765 977 1826; x_wconf 86' lang='lat' dir='ltr'><strong>ordinatum</strong></span> <span class='ocrx_word' id='word_1_111' title='bbox 1001 1777 1031 1826; x_wconf 92' lang='lat' dir='ltr'><strong>et</strong></span> <span class='ocrx_word' id='word_1_112' title='bbox 1048 1786 1118 1824; x_wconf 86' lang='lat' dir='ltr'><strong>con-</strong></span> 
     </span>
     <span class='ocr_line' id='line_1_17' title="bbox 97 1851 1118 1931; baseline 0.005 -27"><span class='ocrx_word' id='word_1_113' title='bbox 97 1851 233 1922; x_wconf 81' lang='lat' dir='ltr'><strong>tinuatum,</strong></span> <span class='ocrx_word' id='word_1_114' title='bbox 253 1854 284 1911; x_wconf 89' lang='lat' dir='ltr'><strong>in</strong></span> <span class='ocrx_word' id='word_1_115' title='bbox 304 1871 358 1930; x_wconf 92' lang='lat' dir='ltr'><strong>quo</strong></span> <span class='ocrx_word' id='word_1_116' title='bbox 377 1854 474 1931; x_wconf 91' lang='lat' dir='ltr'><strong>plures</strong></span> <span class='ocrx_word' id='word_1_117' title='bbox 497 1853 628 1930; x_wconf 90' lang='lat' dir='ltr'><strong>publicae</strong></span> <span class='ocrx_word' id='word_1_118' title='bbox 648 1863 678 1911; x_wconf 90' lang='lat' dir='ltr'><strong>et</strong></span> <span class='ocrx_word' id='word_1_119' title='bbox 696 1854 838 1910; x_wconf 90' lang='lat' dir='ltr'><strong>solemnes</strong></span> <span class='ocrx_word' id='word_1_120' title='bbox 861 1851 976 1909; x_wconf 85' lang='lat' dir='ltr'><strong>habitae</strong></span> <span class='ocrx_word' id='word_1_121' title='bbox 1003 1853 1118 1911; x_wconf 77' lang='lat' dir='ltr'><strong>tuamne</strong></span> 
     </span>
     <span class='ocr_line' id='line_1_18' title="bbox 97 1935 1118 2017; baseline 0.005 -28"><span class='ocrx_word' id='word_1_122' title='bbox 97 1936 237 2008; x_wconf 88' lang='lat' dir='ltr'><strong>sessiones,</strong></span> <span class='ocrx_word' id='word_1_123' title='bbox 257 1936 396 2017; x_wconf 87' lang='lat' dir='ltr'><strong>pluraque</strong></span> <span class='ocrx_word' id='word_1_124' title='bbox 416 1949 473 1997; x_wconf 87' lang='lat' dir='ltr'><strong>tam</strong></span> <span class='ocrx_word' id='word_1_125' title='bbox 491 1939 521 1995; x_wconf 93' lang='lat' dir='ltr'><strong>in</strong></span> <span class='ocrx_word' id='word_1_126' title='bbox 539 1955 626 1996; x_wconf 88' lang='lat' dir='ltr'><strong>causa</strong></span> <span class='ocrx_word' id='word_1_127' title='bbox 643 1935 711 1995; x_wconf 83' lang='lat' dir='ltr'><strong>iidei</strong></span> <span class='ocrx_word' id='word_1_128' title='bbox 729 1955 811 2015; x_wconf 90' lang='lat' dir='ltr'><strong>quam</strong></span> <span class='ocrx_word' id='word_1_129' title='bbox 825 1937 1036 1994; x_wconf 84' lang='lat' dir='ltr'><strong>reformationis</strong></span> <span class='ocrx_word' id='word_1_130' title='bbox 1050 1956 1118 2014; x_wconf 89' lang='lat' dir='ltr'><strong>pro-</strong></span> 
     </span>
     <span class='ocr_line' id='line_1_19' title="bbox 97 2019 1118 2102; baseline 0.003 -27"><span class='ocrx_word' id='word_1_131' title='bbox 97 2019 210 2097; x_wconf 88' lang='lat' dir='ltr'><strong>mulgata</strong></span> <span class='ocrx_word' id='word_1_132' title='bbox 229 2021 363 2094; x_wconf 88' lang='lat' dir='ltr'><strong>decreta,</strong></span> <span class='ocrx_word' id='word_1_133' title='bbox 391 2022 533 2102; x_wconf 90' lang='lat' dir='ltr'><strong>multaque</strong></span> <span class='ocrx_word' id='word_1_134' title='bbox 552 2023 637 2081; x_wconf 87' lang='lat' dir='ltr'><strong>etiam</strong></span> <span class='ocrx_word' id='word_1_135' title='bbox 661 2019 697 2080; x_wconf 95' lang='lat' dir='ltr'><strong>ad</strong></span> <span class='ocrx_word' id='word_1_136' title='bbox 720 2032 869 2099; x_wconf 88' lang='lat' dir='ltr'><strong>utramque</strong></span> <span class='ocrx_word' id='word_1_137' title='bbox 893 2039 1006 2079; x_wconf 90' lang='lat' dir='ltr'><strong>causam</strong></span> <span class='ocrx_word' id='word_1_138' title='bbox 1028 2023 1118 2098; x_wconf 83' lang='lat' dir='ltr'><strong>perti-</strong></span> 
     </span>
     <span class='ocr_line' id='line_1_20' title="bbox 97 2103 1118 2179; baseline 0.005 -20"><span class='ocrx_word' id='word_1_139' title='bbox 97 2107 184 2164; x_wconf 90' lang='lat' dir='ltr'><strong>nentia</strong></span> <span class='ocrx_word' id='word_1_140' title='bbox 201 2109 365 2168; x_wconf 85' lang='lat' dir='ltr'><strong>examinata</strong></span> <span class='ocrx_word' id='word_1_141' title='bbox 383 2119 413 2168; x_wconf 94' lang='lat' dir='ltr'><strong>et</strong></span> <span class='ocrx_word' id='word_1_142' title='bbox 431 2108 568 2179; x_wconf 90' lang='lat' dir='ltr'><strong>discussa,</strong></span> <span class='ocrx_word' id='word_1_143' title='bbox 593 2106 629 2165; x_wconf 92' lang='lat' dir='ltr'><strong>ad</strong></span> <span class='ocrx_word' id='word_1_144' title='bbox 653 2109 796 2166; x_wconf 88' lang='lat' dir='ltr'><strong>civitatem</strong></span> <span class='ocrx_word' id='word_1_145' title='bbox 814 2105 1008 2166; x_wconf 81' lang='lat' dir='ltr'><strong>Tridentinam</strong></span> <span class='ocrx_word' id='word_1_146' title='bbox 1032 2103 1118 2164; x_wconf 89' lang='lat' dir='ltr'><strong>redu·</strong></span> 
     </span>
     <span class='ocr_line' id='line_1_21' title="bbox 98 2191 1116 2273; baseline 0.005 -28"><span class='ocrx_word' id='word_1_147' title='bbox 98 2199 183 2250; x_wconf 83' lang='lat' dir='ltr'><strong>catur:</strong></span> <span class='ocrx_word' id='word_1_148' title='bbox 227 2192 305 2265; x_wconf 89' lang='lat' dir='ltr'><strong>Nos,</strong></span> <span class='ocrx_word' id='word_1_149' title='bbox 334 2192 370 2252; x_wconf 91' lang='lat' dir='ltr'><strong>ad</strong></span> <span class='ocrx_word' id='word_1_150' title='bbox 398 2213 483 2273; x_wconf 87' lang='lat' dir='ltr'><strong>quos,</strong></span> <span class='ocrx_word' id='word_1_151' title='bbox 510 2205 542 2252; x_wconf 92' lang='lat' dir='ltr'><strong>ut</strong></span> <span class='ocrx_word' id='word_1_152' title='bbox 567 2211 689 2252; x_wconf 89' lang='lat' dir='ltr'><strong>summos</strong></span> <span class='ocrx_word' id='word_1_153' title='bbox 716 2213 768 2272; x_wconf 93' lang='lat' dir='ltr'><strong>pro</strong></span> <span class='ocrx_word' id='word_1_154' title='bbox 796 2203 924 2271; x_wconf 87' lang='lat' dir='ltr'><strong>tempore</strong></span> <span class='ocrx_word' id='word_1_155' title='bbox 952 2191 1116 2261; x_wconf 85' lang='lat' dir='ltr'><strong>Pontifices,</strong></span> 
     </span>
     <span class='ocr_line' id='line_1_22' title="bbox 97 2277 1116 2356; baseline 0.002 -23"><span class='ocrx_word' id='word_1_156' title='bbox 97 2285 199 2350; x_wconf 83' lang='lat' dir='ltr'><strong>spectat</strong></span> <span class='ocrx_word' id='word_1_157' title='bbox 221 2279 372 2356; x_wconf 89' lang='lat' dir='ltr'><strong>generalia</strong></span> <span class='ocrx_word' id='word_1_158' title='bbox 395 2280 518 2339; x_wconf 88' lang='lat' dir='ltr'><strong>concilia</strong></span> <span class='ocrx_word' id='word_1_159' title='bbox 540 2278 669 2338; x_wconf 82' lang='lat' dir='ltr'><strong>indicere</strong></span> <span class='ocrx_word' id='word_1_160' title='bbox 698 2289 728 2338; x_wconf 88' lang='lat' dir='ltr'><strong>et</strong></span> <span class='ocrx_word' id='word_1_161' title='bbox 749 2277 891 2356; x_wconf 88' lang='lat' dir='ltr'><strong>dirigere,</strong></span> <span class='ocrx_word' id='word_1_162' title='bbox 920 2287 951 2337; x_wconf 89' lang='lat' dir='ltr'><strong>ut</strong></span> <span class='ocrx_word' id='word_1_163' title='bbox 972 2278 1116 2336; x_wconf 88' lang='lat' dir='ltr'><strong>ecclesiae</strong></span> 
     </span>
     <span class='ocr_line' id='line_1_23' title="bbox 98 2362 1116 2442; baseline 0.005 -27"><span class='ocrx_word' id='word_1_164' title='bbox 98 2377 186 2436; x_wconf 90' lang='lat' dir='ltr'><strong>pacem</strong></span> <span class='ocrx_word' id='word_1_165' title='bbox 204 2375 235 2422; x_wconf 92' lang='lat' dir='ltr'><strong>et</strong></span> <span class='ocrx_word' id='word_1_166' title='bbox 253 2364 434 2424; x_wconf 85' lang='lat' dir='ltr'><strong>Christianae</strong></span> <span class='ocrx_word' id='word_1_167' title='bbox 453 2363 520 2424; x_wconf 89' lang='lat' dir='ltr'><strong>lidei</strong></span> <span class='ocrx_word' id='word_1_168' title='bbox 543 2376 628 2442; x_wconf 88' lang='lat' dir='ltr'><strong>atque</strong></span> <span class='ocrx_word' id='word_1_169' title='bbox 648 2362 827 2423; x_wconf 85' lang='lat' dir='ltr'><strong>orthodoxae</strong></span> <span class='ocrx_word' id='word_1_170' title='bbox 850 2364 999 2441; x_wconf 86' lang='lat' dir='ltr'><strong>religionis</strong></span> <span class='ocrx_word' id='word_1_171' title='bbox 1021 2363 1116 2420; x_wconf 85' lang='lat' dir='ltr'><strong>inore·</strong></span> 
     </span>
     <span class='ocr_line' id='line_1_24' title="bbox 98 2448 1114 2530; baseline 0.005 -30"><span class='ocrx_word' id='word_1_172' title='bbox 98 2456 209 2507; x_wconf 79' lang='lat' dir='ltr'><strong>ncnmm</strong></span> <span class='ocrx_word' id='word_1_173' title='bbox 227 2449 265 2509; x_wconf 90' lang='lat' dir='ltr'><strong>ad</strong></span> <span class='ocrx_word' id='word_1_174' title='bbox 290 2451 492 2530; x_wconf 90' lang='lat' dir='ltr'><strong>omnipotentis</strong></span> <span class='ocrx_word' id='word_1_175' title='bbox 511 2449 565 2509; x_wconf 88' lang='lat' dir='ltr'><strong>Dei</strong></span> <span class='ocrx_word' id='word_1_176' title='bbox 588 2448 701 2510; x_wconf 90' lang='lat' dir='ltr'><strong>laudem</strong></span> <span class='ocrx_word' id='word_1_177' title='bbox 724 2461 754 2508; x_wconf 91' lang='lat' dir='ltr'><strong>et</strong></span> <span class='ocrx_word' id='word_1_178' title='bbox 776 2449 895 2527; x_wconf 83' lang='lat' dir='ltr'><strong>gloriam</strong></span> <span class='ocrx_word' id='word_1_179' title='bbox 919 2465 1114 2527; x_wconf 86' lang='lat' dir='ltr'><strong>procuremus,</strong></span> 
     </span>
     <span class='ocr_line' id='line_1_25' title="bbox 100 2531 1178 2614; baseline -0.001 -22"><span class='ocrx_word' id='word_1_180' title='bbox 100 2538 131 2600; x_wconf 78' lang='grc' dir='ltr'><strong>θῑ,</strong></span> <span class='ocrx_word' id='word_1_181' title='bbox 149 2545 277 2610; x_wconf 87' lang='lat' dir='ltr'><strong>quantum</strong></span> <span class='ocrx_word' id='word_1_182' title='bbox 296 2537 325 2593; x_wconf 92' lang='lat' dir='ltr'><strong>in</strong></span> <span class='ocrx_word' id='word_1_183' title='bbox 344 2535 428 2594; x_wconf 88' lang='lat' dir='ltr'><strong>nobis</strong></span> <span class='ocrx_word' id='word_1_184' title='bbox 446 2546 500 2606; x_wconf 90' lang='lat' dir='ltr'><strong>est,</strong></span> <span class='ocrx_word' id='word_1_185' title='bbox 519 2535 716 2614; x_wconf 78' lang='lat' dir='ltr'><strong>tranquillitati</strong></span> <span class='ocrx_word' id='word_1_186' title='bbox 735 2535 831 2613; x_wconf 76' lang='lat' dir='ltr'><strong>ipsius¹</strong></span> <span class='ocrx_word' id='word_1_187' title='bbox 843 2531 1023 2604; x_wconf 86' lang='lat' dir='ltr'><strong>Germaniae,</strong></span> <span class='ocrx_word' id='word_1_188' title='bbox 1044 2551 1116 2612; x_wconf 88' lang='lat' dir='ltr'><strong>quae</strong></span> <span class='ocrx_word' id='word_1_189' title='bbox 1176 2569 1178 2576; x_wconf 92' lang='lat'>·</span> 
     </span>
     <span class='ocr_line' id='line_1_26' title="bbox 98 2619 1117 2698; baseline 0.007 -29"><span class='ocrx_word' id='word_1_190' title='bbox 98 2629 157 2674; x_wconf 86' lang='lat' dir='ltr'><strong>sane</strong></span> <span class='ocrx_word' id='word_1_191' title='bbox 173 2622 322 2698; x_wconf 88' lang='lat' dir='ltr'><strong>provincia</strong></span> <span class='ocrx_word' id='word_1_192' title='bbox 341 2623 495 2680; x_wconf 86' lang='lat' dir='ltr'><strong>retroactis</strong></span> <span class='ocrx_word' id='word_1_193' title='bbox 514 2621 689 2698; x_wconf 87' lang='lat' dir='ltr'><strong>temporibus</strong></span> <span class='ocrx_word' id='word_1_194' title='bbox 708 2621 736 2678; x_wconf 94' lang='lat' dir='ltr'><strong>in</strong></span> <span class='ocrx_word' id='word_1_195' title='bbox 754 2639 824 2678; x_wconf 87' lang='lat' dir='ltr'><strong>vera</strong></span> <span class='ocrx_word' id='word_1_196' title='bbox 841 2619 997 2696; x_wconf 82' lang='lat' dir='ltr'><strong>religione,</strong></span> <span class='ocrx_word' id='word_1_197' title='bbox 1017 2636 1052 2676; x_wconf 86' lang='lat' dir='ltr'><strong>ac</strong></span> <span class='ocrx_word' id='word_1_198' title='bbox 1069 2637 1117 2676; x_wconf 84' lang='lat' dir='ltr'><strong>ea·</strong></span> 
     </span>
     <span class='ocr_line' id='line_1_27' title="bbox 97 2701 1115 2772; baseline 0.006 -18"><span class='ocrx_word' id='word_1_199' title='bbox 97 2715 200 2762; x_wconf 85' lang='lat' dir='ltr'><strong>erorum</strong></span> <span class='ocrx_word' id='word_1_200' title='bbox 219 2707 408 2766; x_wconf 86' lang='lat' dir='ltr'><strong>conciliorum</strong></span> <span class='ocrx_word' id='word_1_201' title='bbox 427 2717 458 2765; x_wconf 93' lang='lat' dir='ltr'><strong>et</strong></span> <span class='ocrx_word' id='word_1_202' title='bbox 475 2717 637 2765; x_wconf 90' lang='lat' dir='ltr'><strong>sanctorum</strong></span> <span class='ocrx_word' id='word_1_203' title='bbox 656 2706 770 2765; x_wconf 83' lang='lat' dir='ltr'><strong>Petrum</strong></span> <span class='ocrx_word' id='word_1_204' title='bbox 794 2703 926 2763; x_wconf 85' lang='lat' dir='ltr'><strong>doctrina</strong></span> <span class='ocrx_word' id='word_1_205' title='bbox 944 2701 1115 2772; x_wconf 83' lang='lat' dir='ltr'><strong>excolenda,</strong></span> 
     </span>
     <span class='ocr_line' id='line_1_28' title="bbox 97 2785 1117 2870; baseline 0.003 -27"><span class='ocrx_word' id='word_1_206' title='bbox 97 2785 306 2870; x_wconf 79' lang='lat' dir='ltr'><strong>emitendaque</strong></span> <span class='ocrx_word' id='word_1_207' title='bbox 325 2793 455 2850; x_wconf 81' lang='lat' dir='ltr'><strong>manimis</strong></span> <span class='ocrx_word' id='word_1_208' title='bbox 473 2790 670 2862; x_wconf 80' lang='lat' dir='ltr'><strong>Pontificibus,</strong></span> <span class='ocrx_word' id='word_1_209' title='bbox 686 2789 792 2849; x_wconf 85' lang='lat' dir='ltr'><strong>Christi</strong></span> <span class='ocrx_word' id='word_1_210' title='bbox 807 2789 1007 2869; x_wconf 83' lang='lat' dir='ltr'><strong>Redemptoris</strong></span> <span class='ocrx_word' id='word_1_211' title='bbox 1025 2790 1117 2847; x_wconf 87' lang='lat' dir='ltr'><strong>nostri</strong></span> 
     </span>
     <span class='ocr_line' id='line_1_29' title="bbox 99 2866 1178 2953; baseline -0.003 -19"><span class='ocrx_word' id='word_1_212' title='bbox 99 2866 217 2935; x_wconf 63' lang='lat' dir='ltr'><strong>i”terra</strong></span> <span class='ocrx_word' id='word_1_213' title='bbox 239 2878 369 2948; x_wconf 87' lang='lat' dir='ltr'><strong>vicariis,</strong></span> <span class='ocrx_word' id='word_1_214' title='bbox 394 2875 490 2936; x_wconf 88' lang='lat' dir='ltr'><strong>debita</strong></span> <span class='ocrx_word' id='word_1_215' title='bbox 514 2875 680 2936; x_wconf 88' lang='lat' dir='ltr'><strong>ohedientia</strong></span> <span class='ocrx_word' id='word_1_216' title='bbox 702 2886 732 2934; x_wconf 89' lang='lat' dir='ltr'><strong>et</strong></span> <span class='ocrx_word' id='word_1_217' title='bbox 754 2877 918 2953; x_wconf 75' lang='lat' dir='ltr'><strong>reverentia</strong></span> <span class='ocrx_word' id='word_1_218' title='bbox 940 2875 1010 2933; x_wconf 89' lang='lat' dir='ltr'><strong>nulli</strong></span> <span class='ocrx_word' id='word_1_219' title='bbox 1033 2872 1116 2932; x_wconf 90' lang='lat' dir='ltr'><strong>Chri·</strong></span> <span class='ocrx_word' id='word_1_220' title='bbox 1177 2892 1178 2896; x_wconf 47' lang='lat'>¹</span> 
     </span>
     <span class='ocr_line' id='line_1_30' title="bbox 99 2954 1115 3042; baseline -0.002 -25"><span class='ocrx_word' id='word_1_221' title='bbox 99 2954 243 3020; x_wconf 64' lang='lat' dir='ltr'><strong>Silanorum</strong></span> <span class='ocrx_word' id='word_1_222' title='bbox 265 2963 431 3042; x_wconf 86' lang='lat' dir='ltr'><strong>provinciae</strong></span> <span class='ocrx_word' id='word_1_223' title='bbox 454 2963 507 3022; x_wconf 86' lang='lat' dir='ltr'><strong>fuit</strong></span> <span class='ocrx_word' id='word_1_224' title='bbox 528 2981 649 3041; x_wconf 87' lang='lat' dir='ltr'><strong>unquam</strong></span> <span class='ocrx_word' id='word_1_225' title='bbox 672 2959 812 3030; x_wconf 88' lang='lat' dir='ltr'><strong>secunda,</strong></span> <span class='ocrx_word' id='word_1_226' title='bbox 839 2971 960 3039; x_wconf 87' lang='lat' dir='ltr'><strong>paterne</strong></span> <span class='ocrx_word' id='word_1_227' title='bbox 983 2958 1115 3019; x_wconf 81' lang='lat' dir='ltr'><strong>consula·</strong></span> 
     </span>
     <span class='ocr_line' id='line_1_31' title="bbox 100 3043 1177 3127; baseline 0.005 -33"><span class='ocrx_word' id='word_1_228' title='bbox 100 3055 164 3116; x_wconf 68' lang='lat' dir='ltr'><strong>musq</strong></span> <span class='ocrx_word' id='word_1_229' title='bbox 186 3059 334 3126; x_wconf 90' lang='lat' dir='ltr'><strong>sperantes</strong></span> <span class='ocrx_word' id='word_1_230' title='bbox 356 3067 409 3126; x_wconf 90' lang='lat' dir='ltr'><strong>per</strong></span> <span class='ocrx_word' id='word_1_231' title='bbox 430 3049 517 3127; x_wconf 91' lang='lat' dir='ltr'><strong>ipsius</strong></span> <span class='ocrx_word' id='word_1_232' title='bbox 540 3045 594 3106; x_wconf 85' lang='lat' dir='ltr'><strong>Ilei</strong></span> <span class='ocrx_word' id='word_1_233' title='bbox 617 3047 737 3125; x_wconf 87' lang='lat' dir='ltr'><strong>gratiam</strong></span> <span class='ocrx_word' id='word_1_234' title='bbox 761 3054 791 3102; x_wconf 93' lang='lat' dir='ltr'><strong>et</strong></span> <span class='ocrx_word' id='word_1_235' title='bbox 811 3044 1017 3122; x_wconf 85' lang='lat' dir='ltr'><strong>benignitatem</strong></span> <span class='ocrx_word' id='word_1_236' title='bbox 1039 3043 1116 3100; x_wconf 78' lang='lat' dir='ltr'><strong>futu·</strong></span> <span class='ocrx_word' id='word_1_237' title='bbox 1176 3085 1177 3088; x_wconf 63' lang='lat'><strong>,</strong></span> 
     </span>
     <span class='ocr_line' id='line_1_32' title="bbox 100 3129 1117 3212; baseline -0.002 -24"><span class='ocrx_word' id='word_1_238' title='bbox 100 3138 161 3198; x_wconf 71' lang='lat' dir='ltr'><strong>tum,</strong></span> <span class='ocrx_word' id='word_1_239' title='bbox 178 3141 208 3189; x_wconf 87' lang='lat' dir='ltr'><strong>ut</strong></span> <span class='ocrx_word' id='word_1_240' title='bbox 224 3151 311 3212; x_wconf 85' lang='lat' dir='ltr'><strong>reges</strong></span> <span class='ocrx_word' id='word_1_241' title='bbox 330 3151 428 3192; x_wconf 90' lang='lat' dir='ltr'><strong>omnes</strong></span> <span class='ocrx_word' id='word_1_242' title='bbox 446 3152 480 3192; x_wconf 87' lang='lat' dir='ltr'><strong>ae</strong></span> <span class='ocrx_word' id='word_1_243' title='bbox 498 3134 644 3211; x_wconf 89' lang='lat' dir='ltr'><strong>principes</strong></span> <span class='ocrx_word' id='word_1_244' title='bbox 663 3130 817 3189; x_wconf 88' lang='lat' dir='ltr'><strong>Christiani</strong></span> <span class='ocrx_word' id='word_1_245' title='bbox 834 3129 915 3188; x_wconf 90' lang='lat' dir='ltr'><strong>iustis</strong></span> <span class='ocrx_word' id='word_1_246' title='bbox 933 3131 1044 3209; x_wconf 87' lang='lat' dir='ltr'><strong>piisque</strong></span> <span class='ocrx_word' id='word_1_247' title='bbox 1063 3147 1117 3186; x_wconf 93' lang='lat' dir='ltr'><strong>no·</strong></span> 
     </span>
     <span class='ocr_line' id='line_1_33' title="bbox 101 3212 1118 3294; baseline 0 -20"><span class='ocrx_word' id='word_1_248' title='bbox 101 3212 158 3270; x_wconf 81' lang='lat' dir='ltr'><strong>stris</strong></span> <span class='ocrx_word' id='word_1_249' title='bbox 174 3214 226 3278; x_wconf 89' lang='lat' dir='ltr'><strong>hac</strong></span> <span class='ocrx_word' id='word_1_250' title='bbox 244 3220 274 3278; x_wconf 88' lang='lat' dir='ltr'><strong>in</strong></span> <span class='ocrx_word' id='word_1_251' title='bbox 291 3237 323 3277; x_wconf 89' lang='lat' dir='ltr'><strong>re</strong></span> <span class='ocrx_word' id='word_1_252' title='bbox 341 3220 416 3279; x_wconf 89' lang='lat' dir='ltr'><strong>votis</strong></span> <span class='ocrx_word' id='word_1_253' title='bbox 433 3228 568 3290; x_wconf 84' lang='lat' dir='ltr'><strong>annuant,</strong></span> <span class='ocrx_word' id='word_1_254' title='bbox 587 3218 703 3276; x_wconf 85' lang='lat' dir='ltr'><strong>faveant</strong></span> <span class='ocrx_word' id='word_1_255' title='bbox 720 3225 804 3294; x_wconf 91' lang='lat' dir='ltr'><strong>atque</strong></span> <span class='ocrx_word' id='word_1_256' title='bbox 824 3216 971 3274; x_wconf 83' lang='lat' dir='ltr'><strong>assistant:</strong></span> <span class='ocrx_word' id='word_1_257' title='bbox 994 3230 1118 3274; x_wconf 75' lang='lat' dir='ltr'><strong>venem·</strong></span> 
     </span>
     <span class='ocr_line' id='line_1_34' title="bbox 100 3288 1135 3383; baseline 0.009 -36"><span class='ocrx_word' id='word_1_258' title='bbox 100 3288 164 3356; x_wconf 89' lang='lat' dir='ltr'><strong>biles</strong></span> <span class='ocrx_word' id='word_1_259' title='bbox 180 3301 283 3363; x_wconf 85' lang='lat' dir='ltr'><strong>iratres</strong></span> <span class='ocrx_word' id='word_1_260' title='bbox 301 3303 489 3383; x_wconf 89' lang='lat' dir='ltr'><strong>patriarchas,</strong></span> <span class='ocrx_word' id='word_1_261' title='bbox 509 3303 752 3383; x_wconf 87' lang='lat' dir='ltr'><strong>archiepiscopos,</strong></span> <span class='ocrx_word' id='word_1_262' title='bbox 773 3301 933 3380; x_wconf 89' lang='lat' dir='ltr'><strong>episcopos,</strong></span> <span class='ocrx_word' id='word_1_263' title='bbox 949 3309 980 3360; x_wconf 90' lang='lat' dir='ltr'><strong>et</strong></span> <span class='ocrx_word' id='word_1_264' title='bbox 993 3298 1116 3359; x_wconf 87' lang='lat' dir='ltr'><strong>dilectos</strong></span> <span class='ocrx_word' id='word_1_265' title='bbox 1132 3311 1135 3330; x_wconf 86' lang='grc'><strong>’·</strong></span> 
     </span>
     <span class='ocr_line' id='line_1_35' title="bbox 102 3374 1117 3468; baseline 0.008 -33"><span class='ocrx_word' id='word_1_266' title='bbox 102 3374 166 3440; x_wconf 84' lang='lat' dir='ltr'><strong>lilios</strong></span> <span class='ocrx_word' id='word_1_267' title='bbox 191 3387 322 3461; x_wconf 87' lang='lat' dir='ltr'><strong>abbates,</strong></span> <span class='ocrx_word' id='word_1_268' title='bbox 351 3407 506 3468; x_wconf 89' lang='lat' dir='ltr'><strong>omnesque</strong></span> <span class='ocrx_word' id='word_1_269' title='bbox 525 3389 646 3449; x_wconf 90' lang='lat' dir='ltr'><strong>alios.et</strong></span> <span class='ocrx_word' id='word_1_270' title='bbox 667 3387 808 3464; x_wconf 88' lang='lat' dir='ltr'><strong>singulos,</strong></span> <span class='ocrx_word' id='word_1_271' title='bbox 837 3387 883 3465; x_wconf 92' lang='lat' dir='ltr'><strong>qui</strong></span> <span class='ocrx_word' id='word_1_272' title='bbox 907 3385 942 3445; x_wconf 91' lang='lat' dir='ltr'><strong>de</strong></span> <span class='ocrx_word' id='word_1_273' title='bbox 965 3387 1043 3457; x_wconf 86' lang='lat' dir='ltr'><strong>iure,</strong></span> <span class='ocrx_word' id='word_1_274' title='bbox 1069 3382 1117 3444; x_wconf 84' lang='lat' dir='ltr'><strong>vel</strong></span> 
     </span>
     <span class='ocr_line' id='line_1_36' title="bbox 101 3466 1179 3554; baseline 0.001 -26"><span class='ocrx_word' id='word_1_275' title='bbox 101 3473 303 3545; x_wconf 73' lang='lat' dir='ltr'><strong>consuetudine,</strong></span> <span class='ocrx_word' id='word_1_276' title='bbox 321 3474 368 3534; x_wconf 84' lang='lat' dir='ltr'><strong>vel</strong></span> <span class='ocrx_word' id='word_1_277' title='bbox 386 3475 537 3554; x_wconf 87' lang='lat' dir='ltr'><strong>privilegio</strong></span> <span class='ocrx_word' id='word_1_278' title='bbox 557 3475 687 3534; x_wconf 88' lang='lat' dir='ltr'><strong>conciliis</strong></span> <span class='ocrx_word' id='word_1_279' title='bbox 705 3472 887 3550; x_wconf 81' lang='lat' dir='ltr'><strong>generalibus</strong></span> <span class='ocrx_word' id='word_1_280' title='bbox 906 3472 1046 3532; x_wconf 84' lang='lat' dir='ltr'><strong>iuteresse</strong></span> <span class='ocrx_word' id='word_1_281' title='bbox 1065 3466 1117 3529; x_wconf 91' lang='lat' dir='ltr'><strong>do·</strong></span> <span class='ocrx_word' id='word_1_282' title='bbox 1177 3503 1179 3509; x_wconf 53' lang='lat'><em>2</em></span> 
     </span>
     <span class='ocr_line' id='line_1_37' title="bbox 86 3541 1117 3640; baseline -0.011 -14"><span class='ocrx_word' id='word_1_283' title='bbox 86 3541 171 3626; x_wconf 52' lang='lat' dir='ltr'><strong>libb</strong></span> <span class='ocrx_word' id='word_1_284' title='bbox 189 3577 313 3639; x_wconf 88' lang='lat' dir='ltr'><strong>quosque</strong></span> <span class='ocrx_word' id='word_1_285' title='bbox 331 3558 408 3620; x_wconf 87' lang='lat' dir='ltr'><strong>idem</strong></span> <span class='ocrx_word' id='word_1_286' title='bbox 425 3558 636 3640; x_wconf 87' lang='lat' dir='ltr'><strong>praedecessor</strong></span> <span class='ocrx_word' id='word_1_287' title='bbox 653 3568 753 3618; x_wconf 85' lang='lat' dir='ltr'><strong>noster</strong></span> <span class='ocrx_word' id='word_1_288' title='bbox 774 3559 803 3616; x_wconf 89' lang='lat' dir='ltr'><strong>in</strong></span> <span class='ocrx_word' id='word_1_289' title='bbox 822 3557 879 3618; x_wconf 93' lang='lat' dir='ltr'><strong>suis</strong></span> <span class='ocrx_word' id='word_1_290' title='bbox 902 3557 1067 3618; x_wconf 85' lang='lat' dir='ltr'><strong>indictionis</strong></span> <span class='ocrx_word' id='word_1_291' title='bbox 1086 3566 1117 3616; x_wconf 88' lang='lat' dir='ltr'><strong>et</strong></span> 
     </span>
     <span class='ocr_line' id='line_1_38' title="bbox 102 3630 1116 3729; baseline 0.011 -41"><span class='ocrx_word' id='word_1_292' title='bbox 102 3630 157 3728; x_wconf 82' lang='lat' dir='ltr'><strong>aliis</strong></span> <span class='ocrx_word' id='word_1_293' title='bbox 174 3645 383 3729; x_wconf 89' lang='lat' dir='ltr'><strong>quibuscunque</strong></span> <span class='ocrx_word' id='word_1_294' title='bbox 403 3645 528 3727; x_wconf 90' lang='lat' dir='ltr'><strong>desuper</strong></span> <span class='ocrx_word' id='word_1_295' title='bbox 545 3647 686 3706; x_wconf 89' lang='lat' dir='ltr'><strong>conlectis</strong></span> <span class='ocrx_word' id='word_1_296' title='bbox 709 3653 739 3703; x_wconf 90' lang='lat' dir='ltr'><strong>et</strong></span> <span class='ocrx_word' id='word_1_297' title='bbox 756 3643 908 3722; x_wconf 88' lang='lat' dir='ltr'><strong>publicatis</strong></span> <span class='ocrx_word' id='word_1_298' title='bbox 931 3644 1022 3704; x_wconf 83' lang='lat' dir='ltr'><strong>literis</strong></span> <span class='ocrx_word' id='word_1_299' title='bbox 1046 3660 1116 3701; x_wconf 91' lang='lat' dir='ltr'><strong>con-</strong></span> 
     </span>
     <span class='ocr_line' id='line_1_39' title="bbox 105 3716 1117 3811; baseline 0.015 -41"><span class='ocrx_word' id='word_1_300' title='bbox 105 3716 161 3778; x_wconf 83' lang='lat' dir='ltr'><strong>cilio</strong></span> <span class='ocrx_word' id='word_1_301' title='bbox 178 3727 315 3790; x_wconf 85' lang='lat' dir='ltr'><strong>interesse</strong></span> <span class='ocrx_word' id='word_1_302' title='bbox 332 3732 431 3804; x_wconf 84' lang='lat' dir='ltr'><strong>voluit,</strong></span> <span class='ocrx_word' id='word_1_303' title='bbox 451 3732 634 3811; x_wconf 87' lang='lat' dir='ltr'><strong>perviscera</strong></span> <span class='ocrx_word' id='word_1_304' title='bbox 657 3727 873 3789; x_wconf 83' lang='lat' dir='ltr'><strong>misericordiae</strong></span> <span class='ocrx_word' id='word_1_305' title='bbox 892 3729 1007 3788; x_wconf 87' lang='lat' dir='ltr'><strong>Domini</strong></span> <span class='ocrx_word' id='word_1_306' title='bbox 1025 3727 1117 3788; x_wconf 87' lang='lat' dir='ltr'><strong>nostri</strong></span> 
     </span>
     <span class='ocr_line' id='line_1_40' title="bbox 106 3795 1149 3896; baseline -0.002 -22"><span class='ocrx_word' id='word_1_307' title='bbox 106 3795 160 3864; x_wconf 71' lang='lat'><strong>1⁰⁸⁰</strong></span> <span class='ocrx_word' id='word_1_308' title='bbox 181 3812 283 3876; x_wconf 84' lang='lat' dir='ltr'><strong>Christi</strong></span> <span class='ocrx_word' id='word_1_309' title='bbox 304 3819 466 3890; x_wconf 86' lang='lat' dir='ltr'><strong>hortamur,</strong></span> <span class='ocrx_word' id='word_1_310' title='bbox 494 3820 663 3896; x_wconf 86' lang='lat' dir='ltr'><strong>requirimus</strong></span> <span class='ocrx_word' id='word_1_311' title='bbox 686 3825 717 3875; x_wconf 90' lang='lat' dir='ltr'><strong>et</strong></span> <span class='ocrx_word' id='word_1_312' title='bbox 739 3833 897 3886; x_wconf 85' lang='lat' dir='ltr'><strong>monemus,</strong></span> <span class='ocrx_word' id='word_1_313' title='bbox 925 3825 957 3872; x_wconf 89' lang='lat' dir='ltr'><strong>ut</strong></span> <span class='ocrx_word' id='word_1_314' title='bbox 978 3816 1115 3893; x_wconf 86' lang='lat' dir='ltr'><strong>proximis</strong></span> <span class='ocrx_word' id='word_1_315' title='bbox 1124 3825 1149 3867; x_wconf 82' lang='lat'><strong>81</strong></span> 
     </span>
     <span class='ocr_line' id='line_1_41' title="bbox 106 3881 1114 3982; baseline 0.007 -34"><span class='ocrx_word' id='word_1_316' title='bbox 106 3881 192 3956; x_wconf 79' lang='lat' dir='ltr'><strong>tuturis</strong></span> <span class='ocrx_word' id='word_1_317' title='bbox 213 3900 277 3961; x_wconf 88' lang='lat' dir='ltr'><strong>Kal.</strong></span> <span class='ocrx_word' id='word_1_318' title='bbox 296 3901 378 3976; x_wconf 87' lang='lat' dir='ltr'><strong>Maii,</strong></span> <span class='ocrx_word' id='word_1_319' title='bbox 407 3922 489 3982; x_wconf 92' lang='lat' dir='ltr'><strong>quem</strong></span> <span class='ocrx_word' id='word_1_320' title='bbox 512 3901 586 3962; x_wconf 90' lang='lat' dir='ltr'><strong>diem</strong></span> <span class='ocrx_word' id='word_1_321' title='bbox 609 3902 644 3962; x_wconf 89' lang='lat' dir='ltr'><strong>ad</strong></span> <span class='ocrx_word' id='word_1_322' title='bbox 668 3904 757 3980; x_wconf 87' lang='lat' dir='ltr'><strong>ipsum</strong></span> <span class='ocrx_word' id='word_1_323' title='bbox 782 3900 933 3960; x_wconf 89' lang='lat' dir='ltr'><strong>concilium</strong></span> <span class='ocrx_word' id='word_1_324' title='bbox 955 3901 985 3958; x_wconf 90' lang='lat' dir='ltr'><strong>in</strong></span> <span class='ocrx_word' id='word_1_325' title='bbox 1007 3918 1057 3970; x_wconf 90' lang='lat' dir='ltr'><strong>eo,</strong></span> <span class='ocrx_word' id='word_1_326' title='bbox 1086 3899 1114 3956; x_wconf 90' lang='lat' dir='ltr'><strong>in</strong></span> 
     </span>
    </p>
   </div>
   <div class='ocr_carea' id='block_1_5' title="bbox 0 0 1340 4330">
    <p class='ocr_par' dir='ltr' id='par_1_5' title="bbox 0 0 1340 4330">
     <span class='ocr_line' id='line_1_42' title="bbox 0 0 1340 4330; baseline 0 0"><span class='ocrx_word' id='word_1_327' title='bbox 0 0 1340 4330; x_wconf 95' lang='lat' dir='ltr'><strong> </strong></span> 
     </span>
    </p>
   </div>
  </div>
 </body>
</html>
