2654 4330
207 257 290 330 m
384 205 667 330 snssroxxrr,
705 207 770 302 ne
792 245 1060 312 nascamur.

208 404 422 474 commotosque
441 394 529 454 luisse
548 413 604 454 non
622 392 659 452 sit
672 387 874 462 dubitandum,
902 389 967 450 buic
986 387 1158 470 condignam
1176 413 1229 474 pro
1248 379 1251 392 ⁸

208 480 295 550 modo
313 480 419 560 culpae
440 480 644 558 poenitentiam
670 477 783 556 publice
812 477 919 555 iniungi
945 487 1073 555 oportet,
1100 490 1133 538 ut
1160 499 1229 558 quos

114 595 120 602 ·
210 566 340 646 exemplo
364 585 415 624 suo
438 563 474 623 ad
497 564 586 623 malos
608 582 703 622 mores
724 564 906 642 provocavit,
934 581 1002 622 suae
1021 563 1230 628 emendationis

208 651 373 710 testimonio
392 649 427 708 ad
446 660 554 710 rectam
572 659 692 708 revocet
712 650 808 706 vitam.
848 647 1007 727 Episcopus
1024 659 1119 708 tamen
1137 651 1230 731 publi·

210 745 261 796 c'ae
284 735 340 794 boc
365 736 560 814 poenitentiae
587 753 677 811 genus
700 735 728 791 in
756 732 832 792 aliud
855 745 997 793 secretum
1019 737 1129 814 poterit
1152 755 1231 795 coru-

209 831 334 898 muture,
362 819 474 898 mando
498 821 538 878 ita
560 820 650 897 magis
668 817 839 886 iudicaverit
857 815 1020 899 expedire.¹
1047 819 1080 878 In
1100 821 1231 880 omnibus

129 949 138 958 .
209 906 294 964 etiam
319 903 531 964 cathedralibus
557 905 703 975 ecclesiis,
731 903 779 962 ubi
801 902 830 962 id
853 903 1001 964 commode
1025 904 1088 963 fieri
1110 907 1231 984 poterit,

207 991 445 1075 poenitentiarius
464 990 566 1067 aliquis
584 1008 647 1047 cum
670 989 775 1047 unione
793 989 975 1068 praebendae
993 991 1122 1069 proxime
1145 1011 1234 1052 vaca·

207 1087 290 1140 turae
308 1075 343 1132 ab
362 1076 500 1153 episcopo
519 1074 690 1145 instituatur,
710 1075 757 1152 qui
775 1076 912 1152 magister
929 1077 968 1135 sit
982 1075 1029 1133 vel
1047 1073 1162 1148 doctor,
1183 1085 1234 1137 aut

204 1161 370 1219 'licentiatus
388 1161 417 1217 in
427 1159 574 1237 theologia
590 1160 637 1218 vei
655 1160 716 1218 iure
735 1161 886 1232 canonico,
905 1170 936 1219 et
952 1178 1089 1218 annorum
1108 1159 1236 1240 quadra·

115 1281 119 1288 -
209 1247 298 1322 ginta,
317 1263 368 1312 seu
386 1245 472 1316 alius,
497 1247 544 1323 qui
562 1245 668 1322 aptior*
678 1264 731 1324 pro
750 1244 807 1303 loci
827 1245 962 1324 qualitate
980 1246 1153 1324 reperiatur,
1174 1248 1233 1327 qui,

209 1329 273 1396 dum
290 1330 489 1396 ¹confessiones
507 1331 536 1388 in
554 1329 679 1388 ecclesia
698 1328 803 1401 audiet,
823 1331 935 1390 interim
953 1330 1128 1409 praesensio
1139 1330 1233 1402 cboro

210 1425 372 1473 censeatur.

207 1553 235 1600 G.
249 1552 293 1600 tX.
325 1549 415 1613 Aleae
431 1552 540 1600 vinitori
553 1551 663 1601 debcant
678 1551 801 1600 ecclesiae
819 1553 967 1602 eacmlaree
985 1553 1081 1602 nulline
1099 1553 1234 1612 dioecesis.

295 1635 375 1708 Quae
398 1637 469 1695 alias
491 1635 541 1695 sub
565 1636 614 1694 iel.
638 1655 688 1695 rec
718 1635 902 1711 PauloIlI.¹)
925 1647 957 1696 et
977 1656 1069 1716 nuper
1090 1637 1141 1696 sub
1159 1638 1235 1698 beai·

210 1723 316 1780 tissime
339 1719 455 1780 domino
479 1731 577 1779 nostro
601 1719 653 1779 Pio
671 1719 761 1794 list)
785 1722 813 1778 in
837 1722 892 1780 boc
916 1720 1017 1781 eodem
1046 1723 1170 1782 concilio
1195 1721 1234 1784 de

207 1804 372 1873 adhibenda
391 1806 427 1864 ab
446 1804 600 1874 ordinariis
620 1804 769 1883 diligentia
788 1807 816 1864 in
833 1806 1053 1878 beneficiorum,
1074 1809 1159 1866 etiam
1180 1827 1235 1868 ex-

208 1885 380 1971 emptarum,
399 1891 563 1951 visitatione
583 1893 737 1950 constituta
755 1902 836 1963 sunt,
856 1891 957 1951 eadem
975 1893 1060 1950 etiam
1079 1893 1107 1950 in
1126 1893 1162 1952 iis
1181 1913 1236 1954 eo·

204 1977 303 2048 ⁴elesiis
321 1977 517 2036 saecularibus
536 1977 737 2046 observentur,
758 1995 829 2054 quae
849 1978 877 2034 io
896 1977 998 2036 nullius
1017 1975 1146 2038 dioecesi
1165 1997 1234 2039 esse

206 2061 349 2134 dicuntur,
368 2073 401 2121 ut
418 2062 453 2120 ab
473 2063 620 2141 episcopo,
640 2062 719 2143 cuius
739 2060 911 2121 cathedralis
930 2062 1055 2121 ecclesia
1073 2073 1119 2122 est
1132 2065 1236 2143 proxi-

205 2149 290 2218 mior,
309 2149 334 2206 si
352 2144 381 2204 id
401 2157 522 2218 constet,
540 2147 668 2225 ,alioquin
687 2145 722 2204 ab
741 2164 787 2217 eo,
808 2149 854 2226 qui
872 2148 960 2206 semel
978 2148 1007 2206 in
1026 2148 1236 2230 conciliopro·

207 2232 324 2290 vinciali
351 2250 368 2289 a
393 2232 523 2309 praelato
552 2231 608 2290 loci
636 2231 711 2290 illius
738 2231 848 2292 electus
876 2233 975 2305 fuerit,
1003 2243 1135 2312 anquam
1152 2234 1234 2294 sedis

204 2317 386 2395 apostolicae
405 2315 549 2396 delegato,
569 2317 732 2390 visitentur3
753 2336 808 2374 nou
832 2317 1007 2378 obstantibus
1022 2319 1183 2398 privilegiis
1203 2330 1236 2381 et

210 2400 461 2469 consuetudinibus
480 2402 702 2482 quibuscunque,
718 2403 809 2466 ¹etiam
827 2403 1103 2474 immemorabilibus.

157 2543 196 2588 tet
294 2539 321 2585 0.
338 2538 373 2586 Χ.
416 2536 559 2586 Enecatr'o
577 2538 736 2586 oe‘sitatiom'r
755 2538 898 2588 acceditis
914 2555 946 2588 nc
964 2543 1144 2602 suspendatur.

295 2621 446 2700 Episcopi,
481 2631 514 2679 ut
540 2624 632 2702 aptius
664 2641 745 2702 quem
772 2634 876 2704 regunt
904 2625 1037 2705 populum
1064 2629 1174 2706 possint
1203 2630 1234 2686 in

159 2751 161 2754 -
210 2706 303 2767 officio
317 2703 411 2785 'atque
436 2705 599 2767 obedientia
625 2709 787 2780 continere,
820 2713 849 2768 in
872 2712 1001 2778 omnibus
1018 2713 1072 2783 iis,
1097 2731 1168 2792 quae
1195 2712 1235 2772 ad

208 2792 399 2853 visitationem
417 2811 452 2852 ac
476 2808 584 2852 morum
608 2789 818 2854 correctionem
837 2794 1012 2856 subditorum
1030 2817 1146 2856 suorum
1164 2815 1236 2878 spe-

209 2887 302 2952 ctant,
325 2880 369 2938 ius
392 2888 423 2937 et
439 2888 615 2958 potestatem
633 2880 770 2952 babeant,
799 2881 883 2938 etiarn
901 2892 1033 2961 tanquam
1051 2883 1234 2962 apostolicae

209 2962 286 3024 sedis
309 2962 451 3046 delegati,
479 2983 515 3023 ea
538 2964 702 3036 ordinandi,
728 2964 911 3039 moderandi,
939 2966 1081 3046 puniendi⁴
1098 2978 1129 3028 et
1146 2987 1235 3030 exse·

210 3047 315 3128 quendi
332 3051 412 3109 iuxta
431 3067 569 3109 canonum
588 3053 767 3123 sanctiones,
791 3070 863 3130 quac
879 3052 937 3110 illis
954 3071 992 3113 ex
1009 3053 1162 3132 prudentia
1180 3071 1235 3114 sua

205 3151 262 3215 ‘pro
281 3133 457 3194 subditorum
474 3135 676 3196 emendatione
695 3156 729 3196 ae
748 3135 891 3196 dioecesis
909 3157 977 3198 suae
995 3133 1118 3199 utilitate
1129 3157 1235 3201 neces·

1 3249 2 3253 =
108 3261 110 3263 -
161 3251 165 3256 ·
209 3220 285 3278 saria
306 3219 489 3281 videbuntur.
526 3219 590 3282 Nec
614 3223 642 3280 in
665 3223 723 3294 bis,
747 3223 795 3280 ubi
816 3221 854 3282 de
872 3223 1035 3284 visitatione
1055 3235 1104 3284 aut
1121 3243 1233 3285 morum

209 3304 393 3366 correctione
411 3307 559 3384 agitari),
583 3309 742 3386 exemptio,
766 3319 814 3366 aut
833 3308 889 3367 ulla
906 3310 1051 3380 inhibitio,
1075 3311 1233 3390 appellatio

208 3409 260 3449 seu
283 3391 415 3469 querela,
440 3393 526 3452 etiam
549 3391 585 3450 ad
609 3392 706 3452 sedem
729 3395 916 3472 apostolicam
939 3397 1122 3474 interposita,
1147 3414 1234 3457 exse·

209 3476 353 3535 cutionem
372 3495 486 3549 eorum,
514 3481 586 3555 quae
604 3478 640 3537 ab
659 3479 703 3538 his
721 3477 866 3550 mandata,
890 3477 1009 3540 decreta
1032 3490 1082 3540 aut
1104 3479 1233 3542 iudicata

208 3559 324 3630 fuerint,
345 3580 459 3640 quoquo
478 3561 563 3620 modo
582 3563 719 3643 impediat
736 3575 785 3622 aut
801 3565 963 3642 suspendat.
1004 3631 1009 3636 ,

261 3809 339 3854 Seue.
353 3809 445 3854 XXIV.
473 3815 494 3867 t)
504 3799 568 3858 Sena.
579 3814 621 3858 vt.
632 3816 660 3860 de
671 3815 714 3858 ref.
726 3829 746 3858 c.
755 3818 776 3858 4.
787 3815 851 3860 Seru.
861 3814 916 3860 vu.
927 3817 955 3860 de
965 3814 1009 3860 rei.
1020 3831 1041 3860 c.
1050 3821 1070 3861 8.
1081 3841 1106 3850 -
1166 3816 1231 3862 Scis.

208 3859 278 3954 {Ili}
284 3861 370 3956 geilolf
378 3866 484 3956 ἔθεσί-ο
499 3867 522 3958 3¹)
537 3865 567 3908 ci.
583 3865 647 3910 Seru.
658 3866 727 3910 x111.
744 3868 772 3910 de
787 3867 830 3910 rei.
846 3882 865 3912 c.
880 3873 899 3911 t.
914 3866 978 3912 Sess.
993 3866 1060 3911 xlv.
1074 3869 1104 3911 do
1118 3880 1145 3914 re
1157 3900 1165 3914 .
1179 3882 1199 3913 e.
1211 3871 1232 3912 4.
