2654 4334
95 240 100 249 ’
209 249 288 306 m
400 245 659 310 snssrosxv.
699 235 1037 308 nsnsroaunr.
1136 203 1140 210 ’

211 405 331 468 quorum
350 387 471 448 consilio
490 380 521 447 et
538 403 656 448 assensu
674 387 827 467 episcopus
844 386 891 448 vel
910 386 972 446 sius
988 387 1114 447 vicarius
1132 388 1244 446 tamin

210 471 361 534 formando
388 489 554 552 processum
577 491 659 552 quam
681 473 711 532 in
734 473 840 532 ceteris
863 470 991 532 omnibns
1014 473 1125 556 actibus
1147 492 1242 552 usque

210 557 247 619 ad
264 559 348 620 finem
372 577 476 620 causae
502 557 654 630 inclusive,
683 576 780 618 coram
806 557 919 618 notario
943 567 1038 617 tannen
1065 558 1155 638 ipsius
1177 561 1242 636 epi-

210 647 306 725 scopi,
334 655 365 706 et
391 646 420 704 in
447 646 509 704 eins
535 641 636 716 domo,
668 653 719 702 aut
744 653 883 704 consueto
911 643 1048 704 tribunali
1073 641 1241 723 procedere

209 741 352 792 teneatur.
397 727 488 790 Unum
506 739 600 790 autem
619 736 727 788 tantum
746 730 784 788 sit
802 730 947 808 utriusque
964 728 1071 800 votum,
1089 728 1242 808 possitque

209 819 285 878 alter
307 817 444 896 episcopo
469 813 622 876 accedere.
667 811 751 887 Quod
768 815 793 872 si
810 813 894 873 ambo
912 814 948 873 ab
967 815 1106 894 episcopo
1125 811 1242 876 discor·

210 900 261 962 des
284 903 313 961 in
337 901 432 980 aliquo
456 910 522 960 actu
546 919 596 960 seu
615 900 835 960 interlocutoria
856 899 903 960 vel
925 898 1073 960 definitiva
1095 901 1243 958 sententia

208 988 330 1060 luerint,
358 998 425 1046 tnnc
443 986 519 1045 intra
540 1005 594 1046 sex
615 984 725 1044 dicrum
743 986 862 1064 spatium
882 1005 945 1045 cum
964 986 1103 1064 episcopo
1122 986 1244 1044 tertium

209 1073 332 1151 eligant,
360 1083 399 1142 et,
427 1072 451 1130 si
468 1073 498 1130 in
517 1072 662 1132 electione
679 1071 759 1131 tertii
786 1070 872 1131 etiam
899 1069 1083 1142 discordent,
1111 1067 1148 1128 ad
1166 1071 1244 1130 vici-

209 1158 319 1217 niorem
340 1158 508 1236 episcopum
531 1157 637 1218 electio
662 1155 843 1228 devolvatur,
871 1167 901 1216 et
923 1158 1002 1216 iuxta
1024 1175 1087 1216 eam
1114 1166 1244 1234 partem,

210 1262 273 1302 cnm
297 1261 352 1322 qua
374 1242 476 1302 tertius
500 1243 666 1315 conveniet,
686 1241 837 1314 articulus,
860 1242 889 1300 in
913 1261 968 1320 quo
992 1252 1057 1302 erat
1079 1240 1244 1314 discordia,

157 1343 195 1386 asa
210 1330 387 1388 terminetur.
423 1325 504 1388 Alias
522 1347 674 1406 processus
693 1326 806 1389 atinde
825 1324 925 1388 secuta
942 1327 1020 1387 nulla
1036 1329 1107 1399 sint,
1130 1327 1244 1388 nullos·

210 1432 264 1493 que
282 1411 445 1492 producant
465 1413 536 1472 iuris
559 1412 690 1473 effectus.
735 1413 767 1473 ln
791 1412 993 1488 criminibus¹)
1014 1423 1109 1474 umen
1132 1432 1172 1473 ex
1196 1414 1242 1471 in·

210 1499 387 1560 continentia
409 1498 656 1578 provenientibus,
681 1495 717 1557 da
741 1517 797 1578 qua
820 1500 848 1557 in
867 1496 987 1559 decreto
1006 1495 1043 1558 de
1062 1497 1243 1558 concubina-

209 1585 275 1656 riis,
303 1594 334 1646 et
351 1585 380 1644 in
398 1584 590 1644 atrocioribus
613 1581 727 1644 delictis
745 1582 956 1663 depositionem
977 1594 1027 1644 aut
1049 1581 1243 1662 degradatio·

209 1689 274 1730 nem
292 1669 514 1750 requirentibus,
534 1669 581 1729 nbi
600 1668 637 1729 de
655 1669 723 1748 iuga
741 1672 866 1742 timetur,
886 1688 922 1729 ne
941 1667 1075 1729 iudicium
1095 1667 1242 1742 eludatur,

210 1765 240 1814 et
257 1753 323 1814 ideo
344 1775 415 1835 opus
433 1755 470 1814 sit
487 1755 633 1834 personali
651 1753 833 1827 detentione,
860 1759 952 1833 possit
973 1755 1055 1813 initio
1075 1756 1154 1814 solus
1176 1758 1242 1836 epi·

209 1860 313 1921 scopus
336 1840 373 1900 ad
391 1841 569 1901 summariam
588 1841 818 1901 informationem
836 1849 867 1898 et
883 1841 1076 1900 necessariam
1093 1839 1242 1900 detentio·

210 1943 274 1987 nem
297 1926 475 2007 procedere,
499 1937 613 1986 servato
632 1935 728 1986 tamen
751 1929 780 1985 in
803 1925 920 2004 reliquis
942 1924 1044 1986 ordine
1067 1928 1240 2006 praemisso.
1322 1973 1323 2002 ,

210 2013 241 2072 ln
261 2013 390 2074 omnibns
408 2022 502 2072 autem
522 2012 634 2073 casibus
653 2032 688 2072 ea
706 2013 780 2072 ratio
799 2011 953 2084 habeatur,
971 2022 1003 2071 nt
1020 2013 1098 2071 iuxta
1117 2013 1238 2092 qualita-

208 2109 266 2158 tem
290 2096 389 2158 delicti
412 2118 447 2157 ac
466 2117 653 2178 personarum
680 2097 878 2178 delinquentes
900 2098 955 2178 ipsi
978 2099 1007 2156 in
1030 2097 1097 2158 loco
1122 2095 1238 2158 decenti
1322 2129 1323 2146 .

210 2182 417 2244 custodiantur.
462 2182 613 2263 Episcopis
630 2194 785 2264 practerea
808 2183 912 2264 ubique
931 2185 955 2242 is
973 2184 1067 2243 bonor
1085 2183 1238 2255 tribuatur,

208 2271 255 2347 qui
280 2289 378 2329 eorum
402 2267 535 2348 dignitati
557 2289 611 2349 par
628 2280 686 2341 est,
710 2271 808 2350 eisque
830 2271 859 2328 in
878 2269 983 2342 choro,
1003 2271 1079 2329 etin
1098 2271 1239 2349 capitulo,
1321 2323 1322 2338 ἶ

208 2357 237 2415 in
255 2354 488 2434 processionibus
511 2365 542 2414 et
562 2355 626 2414 aliis
650 2355 761 2415 actibus
783 2355 905 2435 publicis
928 2356 966 2414 sit
987 2356 1078 2434 prima
1101 2353 1238 2429 sedes2),

162 2511 165 2516 ¹
209 2451 239 2501 ct
261 2441 355 2512 locus,
389 2459 470 2519 quem
494 2441 548 2518 ipsi
576 2441 732 2519 elegerint,
760 2451 790 2500 et
812 2442 968 2520 praecipua
995 2441 1118 2500 omnium
1141 2461 1238 2502 rerum

94 2523 124 2544 ‘⁴
208 2523 383 2602 agendarum
411 2527 577 2583 auctoritas.
633 2525 687 2598 Qui
714 2525 739 2585 si
761 2525 868 2606 aliquid
892 2528 1039 2586 canonicis
1066 2524 1103 2584 ad
1127 2523 1239 2586 delibe-

208 2607 326 2670 randum
349 2620 524 2689 proponant,
548 2629 602 2670 nec
626 2609 662 2670 de
685 2629 718 2670 rc
742 2609 778 2670 ad
801 2631 880 2671 suum
902 2613 948 2671 vel
971 2631 1085 2671 suorum
1110 2632 1241 2671 commo-

209 2695 273 2755 dum
296 2704 444 2775 spectante
468 2705 584 2773 agatur,
613 2697 742 2776 episcopi
765 2697 820 2776 ipsi
846 2697 999 2778 capitulum
1023 2700 1238 2770 convocanti),

100 2807 119 2856 χ
207 2791 274 2842 vota
298 2782 462 2862 exquirant,
490 2791 521 2841 et
542 2783 621 2841 iuxta
643 2801 678 2842 ca
701 2781 884 2842 concludant.
928 2781 1057 2863 Absenta
1080 2800 1151 2842 vero
1178 2785 1240 2862 epi-

208 2888 297 2948 seopo
321 2869 435 2927 omnino
459 2867 516 2927 boc
539 2867 574 2928 ab
597 2868 633 2927 iis
656 2867 692 2928 de
716 2868 857 2948 capitulo,
880 2866 917 2927 ad
940 2888 1010 2948 quos
1037 2868 1093 2928 hoc
1117 2867 1154 2931 de
1175 2871 1239 2929 iure

207 2955 253 3015 vel
272 2953 478 3014 consuetudine
501 2964 627 3034 spectat,
650 2954 831 3034 perficiatur,
856 2973 910 3015 nec
929 2951 965 3013 ad
984 2953 1014 3014 id
1031 2954 1157 3014 vicarius
1177 2957 1239 3034 epi-

208 3041 290 3120 scopi
307 3039 483 3100 admittatur.
529 3040 643 3100 Ccteris
664 3050 758 3100 autem
782 3041 810 3098 in
833 3040 920 3100 rebus
939 3040 1057 3119 capituli
1073 3038 1237 3100 iurisdictio

208 3135 238 3184 et
255 3135 396 3205 potestas,
423 3127 448 3184 si
475 3145 530 3205 qua
557 3127 599 3185 eis
627 3127 776 3206 competit,
804 3135 834 3185 et
860 3125 1000 3186 bonorum
1026 3123 1239 3185 administratio
1318 3171 1319 3192 ,

208 3211 286 3286 salva
308 3223 339 3273 et
361 3214 469 3272 intacta
491 3213 605 3271 omnino
628 3213 813 3291 relinquatur.
860 3211 913 3284 Qui
934 3230 1005 3294 vcro
1027 3230 1086 3270 non
1105 3211 1239 3272 obtinent

208 3295 374 3376 dignitates,
391 3316 446 3358 nec
465 3307 530 3356 sunt
543 3294 579 3358 de
595 3298 730 3376 capitulo,
749 3298 770 3355 ii
789 3316 887 3356 omnes
905 3297 934 3356 in
953 3297 1046 3358 causis
1056 3296 1237 3358 ecclesiasti·

209 3384 250 3443 cis
273 3385 411 3464 episcopo
433 3382 636 3455 subiiciantur3
671 3403 728 3442 non
752 3381 929 3442 obstantibus
953 3380 1047 3464 quoad
1069 3380 1238 3462 supradicta
1317 3417 1318 3438 t

207 3469 379 3548 privilegiis,
403 3471 490 3529 etiam
509 3489 546 3530 ex
563 3467 729 3529 fundatione
749 3468 990 3548 competentibus,
1014 3487 1068 3528 nec
1088 3487 1146 3527 non
1165 3487 1237 3530 con-

208 3551 417 3628 suetudinibus,
446 3557 531 3615 ctiam
550 3554 833 3628 immemorabilibus,
865 3556 1028 3626 sententiis,
1056 3555 1235 3626 iuramentis,

209 3636 388 3710 concordiis,
412 3660 484 3718 quae
504 3650 610 3699 tantum
630 3660 697 3700 suos
716 3639 845 3720 obligent
862 3651 1010 3715 auctores,
1034 3637 1119 3700 salvis
1140 3650 1236 3700 tamen

262 3818 338 3862 sin.
352 3817 431 3862 XXV.
460 3820 525 3914 liqui.
536 3821 601 3866 Sese.
611 3822 703 3866 xxtV.
717 3837 738 3867 c.
748 3825 768 3866 8.
784 3823 813 3868 de
823 3823 867 3868 rei.
882 3827 948 3866 matr.
959 3826 984 3866 at
993 3820 1040 3864 bui.
1051 3819 1115 3865 Sese.
1125 3833 1146 3864 c.
1158 3821 1191 3864 lt.
1207 3822 1236 3864 dc

208 3869 289 3912 ni.—
315 3871 338 3922 2)
352 3869 455 3914 uicto.
490 3871 579 3917 XCV.
595 3873 839 3968 (lsut.sccl.snt.)—
864 3877 887 3930 8)
902 3872 1065 3944 ensebii.
1080 3870 1235 3927 dabis,qusr

208 3921 268 3964 liunt
276 3933 290 3961 n
299 3919 374 3976 prael.
385 3920 430 3965 lll.
441 3925 473 3964 1⁰.
483 3922 564 3978 (Alex.
574 3923 599 3968 ll
615 3929 632 3980 .)
