<?xml version="1.0" encoding="UTF-8"?>
<!DOCTYPE html PUBLIC "-//W3C//DTD XHTML 1.0 Transitional//EN"
    "http://www.w3.org/TR/xhtml1/DTD/xhtml1-transitional.dtd">
<html xmlns="http://www.w3.org/1999/xhtml" xml:lang="en" lang="en">
 <head>
  <title>
</title>
<meta http-equiv="Content-Type" content="text/html;charset=utf-8" />
  <meta name='ocr-system' content='tesseract 3.04.00' />
  <meta name='ocr-capabilities' content='ocr_page ocr_carea ocr_par ocr_line ocrx_word'/>
</head>
<body>
  <div class='ocr_page' id='page_1' title='image "./canonesetdecret00stergoog_0261.png"; bbox 0 0 2654 4334; ppageno 0'>
   <div class='ocr_carea' id='block_1_1' title="bbox 197 279 1054 364">
    <p class='ocr_par' dir='ltr' id='par_1_1' title="bbox 197 279 1054 364">
     <span class='ocr_line' id='line_1_1' title="bbox 197 279 1054 364; baseline -0.028 1"><span class='ocrx_word' id='word_1_1' title='bbox 197 301 278 364; x_wconf 79' lang='lat' dir='ltr'>auo</span> <span class='ocrx_word' id='word_1_2' title='bbox 393 279 1054 364; x_wconf 68' lang='lat' dir='ltr'>‘cossntvuvrorvasavarorum:</span> 
     </span>
    </p>
   </div>
   <div class='ocr_carea' id='block_1_2' title="bbox 136 437 1255 1035">
    <p class='ocr_par' dir='ltr' id='par_1_2' title="bbox 196 437 1255 949">
     <span class='ocr_line' id='line_1_2' title="bbox 199 437 1255 522; baseline -0.007 -15"><span class='ocrx_word' id='word_1_3' title='bbox 199 444 349 507; x_wconf 80' lang='lat' dir='ltr'>evidemar</span> <span class='ocrx_word' id='word_1_4' title='bbox 375 443 522 504; x_wconf 78' lang='lat' dir='ltr'>sufficiens</span> <span class='ocrx_word' id='word_1_5' title='bbox 548 439 730 515; x_wconf 84' lang='lat' dir='ltr'>ostendatur3</span> <span class='ocrx_word' id='word_1_6' title='bbox 758 457 813 522; x_wconf 83' lang='lat' dir='ltr'>qua</span> <span class='ocrx_word' id='word_1_7' title='bbox 839 441 925 501; x_wconf 88' lang='lat' dir='ltr'>etiam</span> <span class='ocrx_word' id='word_1_8' title='bbox 957 450 1073 500; x_wconf 87' lang='lat' dir='ltr'>ostensa</span> <span class='ocrx_word' id='word_1_9' title='bbox 1111 439 1150 500; x_wconf 88' lang='lat' dir='ltr'>ita</span> <span class='ocrx_word' id='word_1_10' title='bbox 1174 437 1255 502; x_wconf 76' lang='lat' dir='ltr'>de-&#39;</span> 
     </span>
     <span class='ocr_line' id='line_1_3' title="bbox 198 527 1232 609; baseline -0.004 -19"><span class='ocrx_word' id='word_1_11' title='bbox 198 548 272 590; x_wconf 90' lang='lat' dir='ltr'>mum</span> <span class='ocrx_word' id='word_1_12' title='bbox 291 528 328 590; x_wconf 85' lang='lat' dir='ltr'>ad</span> <span class='ocrx_word' id='word_1_13' title='bbox 347 529 530 590; x_wconf 65' lang='lat' dir='ltr'>collationum</span> <span class='ocrx_word' id='word_1_14' title='bbox 552 527 673 609; x_wconf 83' lang='lat' dir='ltr'>procedi</span> <span class='ocrx_word' id='word_1_15' title='bbox 694 527 835 598; x_wconf 83' lang='lat' dir='ltr'>volumus,</span> <span class='ocrx_word' id='word_1_16' title='bbox 862 527 887 586; x_wconf 90' lang='lat' dir='ltr'>si</span> <span class='ocrx_word' id='word_1_17' title='bbox 913 536 1052 606; x_wconf 72' lang='lat' dir='ltr'>appareat</span> <span class='ocrx_word' id='word_1_18' title='bbox 1077 543 1131 607; x_wconf 87' lang='lat' dir='ltr'>per</span> <span class='ocrx_word' id='word_1_19' title='bbox 1155 541 1232 586; x_wconf 85' lang='lat' dir='ltr'>can-</span> 
     </span>
     <span class='ocr_line' id='line_1_4' title="bbox 198 607 1231 695; baseline -0.003 -20"><span class='ocrx_word' id='word_1_20' title='bbox 198 615 274 687; x_wconf 81' lang='lat' dir='ltr'>deat,</span> <span class='ocrx_word' id='word_1_21' title='bbox 294 607 369 695; x_wconf 84' lang='lat' dir='ltr'>quod</span> <span class='ocrx_word' id='word_1_22' title='bbox 396 617 429 686; x_wconf 87' lang='lat' dir='ltr'>is,</span> <span class='ocrx_word' id='word_1_23' title='bbox 458 615 504 673; x_wconf 88' lang='lat' dir='ltr'>cui</span> <span class='ocrx_word' id='word_1_24' title='bbox 523 623 567 674; x_wconf 88' lang='lat' dir='ltr'>cst</span> <span class='ocrx_word' id='word_1_25' title='bbox 590 613 707 673; x_wconf 88' lang='lat' dir='ltr'>collatio</span> <span class='ocrx_word' id='word_1_26' title='bbox 731 609 877 682; x_wconf 79' lang='lat' dir='ltr'>iacienda,</span> <span class='ocrx_word' id='word_1_27' title='bbox 905 610 1064 672; x_wconf 86' lang='lat' dir='ltr'>huiusmodi</span> <span class='ocrx_word' id='word_1_28' title='bbox 1087 628 1231 693; x_wconf 87' lang='lat' dir='ltr'>persona·</span> 
     </span>
     <span class='ocr_line' id='line_1_5' title="bbox 198 697 1231 780; baseline -0.004 -18"><span class='ocrx_word' id='word_1_29' title='bbox 198 711 266 773; x_wconf 75' lang='lat' dir='ltr'>tun,</span> <span class='ocrx_word' id='word_1_30' title='bbox 286 699 456 780; x_wconf 58' lang='lat' dir='ltr'>difinitum</span> <span class='ocrx_word' id='word_1_31' title='bbox 472 699 519 760; x_wconf 80' lang='lat' dir='ltr'>vel</span> <span class='ocrx_word' id='word_1_32' title='bbox 536 699 707 759; x_wconf 69' lang='lat' dir='ltr'>tumtunm</span> <span class='ocrx_word' id='word_1_33' title='bbox 722 699 849 758; x_wconf 85' lang='lat' dir='ltr'>retinere</span> <span class='ocrx_word' id='word_1_34' title='bbox 867 697 959 756; x_wconf 89' lang='lat' dir='ltr'>libere</span> <span class='ocrx_word' id='word_1_35' title='bbox 978 697 1074 756; x_wconf 84' lang='lat' dir='ltr'>valeat</span> <span class='ocrx_word' id='word_1_36' title='bbox 1092 713 1153 757; x_wconf 83' lang='lat' dir='ltr'>cnm</span> <span class='ocrx_word' id='word_1_37' title='bbox 1174 697 1231 758; x_wconf 90' lang='lat' dir='ltr'>ob·</span> 
     </span>
     <span class='ocr_line' id='line_1_6' title="bbox 198 783 1227 866; baseline -0.003 -20"><span class='ocrx_word' id='word_1_38' title='bbox 198 787 298 859; x_wconf 80' lang='lat' dir='ltr'>tertis,</span> <span class='ocrx_word' id='word_1_39' title='bbox 323 786 369 846; x_wconf 85' lang='lat' dir='ltr'>rei</span> <span class='ocrx_word' id='word_1_40' title='bbox 387 786 413 845; x_wconf 90' lang='lat' dir='ltr'>si</span> <span class='ocrx_word' id='word_1_41' title='bbox 430 801 475 856; x_wconf 88' lang='lat' dir='ltr'>ea,</span> <span class='ocrx_word' id='word_1_42' title='bbox 503 799 575 866; x_wconf 87' lang='lat' dir='ltr'>quae</span> <span class='ocrx_word' id='word_1_43' title='bbox 594 784 636 844; x_wconf 83' lang='lat' dir='ltr'>sio</span> <span class='ocrx_word' id='word_1_44' title='bbox 655 783 776 855; x_wconf 81' lang='lat' dir='ltr'>ebonct,</span> <span class='ocrx_word' id='word_1_45' title='bbox 805 783 894 842; x_wconf 82' lang='lat' dir='ltr'>libere</span> <span class='ocrx_word' id='word_1_46' title='bbox 913 799 948 842; x_wconf 86' lang='lat' dir='ltr'>ac</span> <span class='ocrx_word' id='word_1_47' title='bbox 966 793 1068 862; x_wconf 86' lang='lat' dir='ltr'>sponte</span> <span class='ocrx_word' id='word_1_48' title='bbox 1087 784 1227 861; x_wconf 79' lang='lat' dir='ltr'>resignet.</span> 
     </span>
     <span class='ocr_line' id='line_1_7' title="bbox 196 866 1231 949; baseline -0.003 -18"><span class='ocrx_word' id='word_1_49' title='bbox 196 872 294 932; x_wconf 79' lang='lat' dir='ltr'>Aliter</span> <span class='ocrx_word' id='word_1_50' title='bbox 311 881 406 930; x_wconf 85' lang='lat' dir='ltr'>autem</span> <span class='ocrx_word' id='word_1_51' title='bbox 420 869 456 930; x_wconf 81' lang='lat' dir='ltr'>de</span> <span class='ocrx_word' id='word_1_52' title='bbox 471 869 681 949; x_wconf 78' lang='lat' dir='ltr'>personatibus,</span> <span class='ocrx_word' id='word_1_53' title='bbox 700 867 886 947; x_wconf 66' lang='lat' dir='ltr'>dignitatibus</span> <span class='ocrx_word' id='word_1_54' title='bbox 907 877 938 928; x_wconf 88' lang='lat' dir='ltr'>et</span> <span class='ocrx_word' id='word_1_55' title='bbox 954 866 1106 928; x_wconf 79' lang='lat' dir='ltr'>benefieiis</span> <span class='ocrx_word' id='word_1_56' title='bbox 1122 870 1231 929; x_wconf 87' lang='lat' dir='ltr'>talibus</span> 
     </span>
    </p>

    <p class='ocr_par' dir='ltr' id='par_1_3' title="bbox 136 955 882 1035">
     <span class='ocr_line' id='line_1_8' title="bbox 136 955 882 1035; baseline -0.007 -18"><span class='ocrx_word' id='word_1_57' title='bbox 136 968 140 981; x_wconf 77' lang='grc'><em>·</em></span> <span class='ocrx_word' id='word_1_58' title='bbox 198 957 277 1016; x_wconf 73' lang='lat' dir='ltr'>iactu</span> <span class='ocrx_word' id='word_1_59' title='bbox 296 957 413 1016; x_wconf 83' lang='lat' dir='ltr'>collatio</span> <span class='ocrx_word' id='word_1_60' title='bbox 432 956 535 1015; x_wconf 81' lang='lat' dir='ltr'>nullius</span> <span class='ocrx_word' id='word_1_61' title='bbox 552 957 665 1035; x_wconf 83' lang='lat' dir='ltr'>penitus</span> <span class='ocrx_word' id='word_1_62' title='bbox 683 957 721 1013; x_wconf 86' lang='lat' dir='ltr'>sit</span> <span class='ocrx_word' id='word_1_63' title='bbox 738 955 882 1013; x_wconf 78' lang='lat' dir='ltr'>momenti.</span> 
     </span>
    </p>
   </div>
   <div class='ocr_carea' id='block_1_3' title="bbox 304 1119 1118 1187">
    <p class='ocr_par' dir='ltr' id='par_1_4' title="bbox 304 1119 1118 1187">
     <span class='ocr_line' id='line_1_9' title="bbox 304 1119 1118 1187; baseline -0.004 -1"><span class='ocrx_word' id='word_1_64' title='bbox 304 1119 521 1187; x_wconf 72' lang='lat' dir='ltr'>causantes</span> <span class='ocrx_word' id='word_1_65' title='bbox 539 1125 576 1186; x_wconf 83' lang='grc' dir='ltr'>Χ,</span> <span class='ocrx_word' id='word_1_66' title='bbox 596 1124 638 1186; x_wconf 82' lang='grc' dir='ltr'>ΙΝ</span> <span class='ocrx_word' id='word_1_67' title='bbox 656 1123 838 1186; x_wconf 68' lang='lat' dir='ltr'>conuitio</span> <span class='ocrx_word' id='word_1_68' title='bbox 856 1119 1118 1184; x_wconf 78' lang='lat' dir='ltr'><strong>LUGDUNENSI.</strong></span> 
     </span>
    </p>
   </div>
   <div class='ocr_carea' id='block_1_4' title="bbox 197 1239 1232 1376">
    <p class='ocr_par' dir='ltr' id='par_1_5' title="bbox 197 1239 1232 1376">
     <span class='ocr_line' id='line_1_10' title="bbox 197 1239 1232 1308; baseline 0 -14"><span class='ocrx_word' id='word_1_69' title='bbox 197 1241 240 1296; x_wconf 76' lang='lat' dir='ltr'>lix</span> <span class='ocrx_word' id='word_1_70' title='bbox 258 1247 339 1297; x_wconf 82' lang='lat' dir='ltr'>Sexto</span> <span class='ocrx_word' id='word_1_71' title='bbox 358 1243 531 1296; x_wconf 78' lang='lat' dir='ltr'>Decretalium</span> <span class='ocrx_word' id='word_1_72' title='bbox 551 1241 595 1294; x_wconf 89' lang='lat' dir='ltr'>lib.</span> <span class='ocrx_word' id='word_1_73' title='bbox 612 1243 662 1308; x_wconf 80' lang='lat' dir='ltr'>lii,</span> <span class='ocrx_word' id='word_1_74' title='bbox 681 1239 790 1294; x_wconf 78' lang='lat' dir='ltr'>titxx.</span> <span class='ocrx_word' id='word_1_75' title='bbox 806 1243 838 1294; x_wconf 84' lang='lat' dir='ltr'>de</span> <span class='ocrx_word' id='word_1_76' title='bbox 856 1244 984 1306; x_wconf 77' lang='lat' dir='ltr'>censibus,</span> <span class='ocrx_word' id='word_1_77' title='bbox 1002 1245 1186 1294; x_wconf 70' lang='lat' dir='ltr'>exactionibus</span> <span class='ocrx_word' id='word_1_78' title='bbox 1203 1251 1232 1294; x_wconf 84' lang='lat' dir='ltr'>et</span> 
     </span>
     <span class='ocr_line' id='line_1_11' title="bbox 541 1313 884 1376; baseline -0.003 -13"><span class='ocrx_word' id='word_1_79' title='bbox 541 1315 774 1376; x_wconf 64' lang='lat' dir='ltr'>procurationibus,</span> <span class='ocrx_word' id='word_1_80' title='bbox 794 1323 850 1374; x_wconf 85' lang='lat' dir='ltr'>cap.</span> <span class='ocrx_word' id='word_1_81' title='bbox 860 1313 884 1363; x_wconf 73' lang='lat' dir='ltr'>b.</span> 
     </span>
    </p>
   </div>
   <div class='ocr_carea' id='block_1_5' title="bbox 501 1403 921 1466">
    <p class='ocr_par' dir='ltr' id='par_1_6' title="bbox 501 1403 921 1466">
     <span class='ocr_line' id='line_1_12' title="bbox 501 1403 921 1466; baseline -0.005 -12"><span class='ocrx_word' id='word_1_82' title='bbox 501 1407 576 1463; x_wconf 80' lang='lat' dir='ltr'>(Sora.</span> <span class='ocrx_word' id='word_1_83' title='bbox 585 1403 678 1457; x_wconf 75' lang='lat' dir='ltr'><strong>XXIV.</strong></span> <span class='ocrx_word' id='word_1_84' title='bbox 689 1409 717 1453; x_wconf 87' lang='lat' dir='ltr'>tie</span> <span class='ocrx_word' id='word_1_85' title='bbox 727 1409 821 1453; x_wconf 74' lang='lat' dir='ltr'>reform.</span> <span class='ocrx_word' id='word_1_86' title='bbox 831 1419 882 1466; x_wconf 82' lang='lat' dir='ltr'>cap.</span> <span class='ocrx_word' id='word_1_87' title='bbox 891 1411 921 1463; x_wconf 76' lang='lat' dir='ltr'>b.)</span> 
     </span>
    </p>
   </div>
   <div class='ocr_carea' id='block_1_6' title="bbox 82 1495 1326 3287">
    <p class='ocr_par' dir='ltr' id='par_1_7' title="bbox 198 1495 1230 1750">
     <span class='ocr_line' id='line_1_13' title="bbox 284 1495 1230 1580; baseline 0 -19"><span class='ocrx_word' id='word_1_88' title='bbox 284 1501 384 1580; x_wconf 75' lang='lat' dir='ltr'>Exigit</span> <span class='ocrx_word' id='word_1_89' title='bbox 405 1519 604 1579; x_wconf 87' lang='lat' dir='ltr'>perversorum</span> <span class='ocrx_word' id='word_1_90' title='bbox 623 1498 759 1572; x_wconf 86' lang='lat' dir='ltr'>audacia,</span> <span class='ocrx_word' id='word_1_91' title='bbox 782 1511 813 1560; x_wconf 88' lang='lat' dir='ltr'>ut</span> <span class='ocrx_word' id='word_1_92' title='bbox 835 1520 892 1558; x_wconf 91' lang='lat' dir='ltr'>non</span> <span class='ocrx_word' id='word_1_93' title='bbox 914 1501 1000 1560; x_wconf 89' lang='lat' dir='ltr'>aimus</span> <span class='ocrx_word' id='word_1_94' title='bbox 1022 1499 1085 1560; x_wconf 89' lang='lat' dir='ltr'>soia</span> <span class='ocrx_word' id='word_1_95' title='bbox 1103 1495 1230 1561; x_wconf 87' lang='lat' dir='ltr'>delicto-</span> 
     </span>
     <span class='ocr_line' id='line_1_14' title="bbox 198 1584 1230 1667; baseline -0.001 -20"><span class='ocrx_word' id='word_1_96' title='bbox 198 1608 259 1647; x_wconf 86' lang='lat' dir='ltr'>rum</span> <span class='ocrx_word' id='word_1_97' title='bbox 278 1587 473 1667; x_wconf 74' lang='lat' dir='ltr'>prohibitione</span> <span class='ocrx_word' id='word_1_98' title='bbox 495 1587 633 1658; x_wconf 75' lang='lat' dir='ltr'>contenti,</span> <span class='ocrx_word' id='word_1_99' title='bbox 661 1584 713 1646; x_wconf 79' lang='lat' dir='ltr'>sci</span> <span class='ocrx_word' id='word_1_100' title='bbox 739 1587 825 1646; x_wconf 85' lang='lat' dir='ltr'>etiam</span> <span class='ocrx_word' id='word_1_101' title='bbox 851 1603 974 1664; x_wconf 86' lang='lat' dir='ltr'>poenam</span> <span class='ocrx_word' id='word_1_102' title='bbox 995 1584 1230 1665; x_wconf 74' lang='lat' dir='ltr'>delinquentibus</span> 
     </span>
     <span class='ocr_line' id='line_1_15' title="bbox 198 1669 1229 1750; baseline 0.001 -18"><span class='ocrx_word' id='word_1_103' title='bbox 198 1675 384 1750; x_wconf 88' lang='lat' dir='ltr'>imponamus.</span> <span class='ocrx_word' id='word_1_104' title='bbox 408 1671 661 1742; x_wconf 84' lang='lat' dir='ltr'>¹Constitutionem</span> <span class='ocrx_word' id='word_1_105' title='bbox 683 1672 779 1750; x_wconf 82' lang='lat' dir='ltr'>itaque</span> <span class='ocrx_word' id='word_1_106' title='bbox 798 1671 891 1731; x_wconf 81' lang='lat' dir='ltr'>felicis</span> <span class='ocrx_word' id='word_1_107' title='bbox 909 1669 1127 1733; x_wconf 83' lang='lat' dir='ltr'>recordationis</span> <span class='ocrx_word' id='word_1_108' title='bbox 1141 1671 1229 1733; x_wconf 90' lang='lat' dir='ltr'>luno·</span> 
     </span>
    </p>

    <p class='ocr_par' dir='ltr' id='par_1_8' title="bbox 100 1753 1326 2862">
     <span class='ocr_line' id='line_1_16' title="bbox 100 1753 1229 1836; baseline 0.001 -20"><span class='ocrx_word' id='word_1_109' title='bbox 100 1783 109 1800; x_wconf 78' lang='lat'>=</span> <span class='ocrx_word' id='word_1_110' title='bbox 199 1759 288 1816; x_wconf 89' lang='lat' dir='ltr'>centii</span> <span class='ocrx_word' id='word_1_111' title='bbox 307 1756 402 1836; x_wconf 80' lang='lat' dir='ltr'>Papae</span> <span class='ocrx_word' id='word_1_112' title='bbox 422 1757 472 1817; x_wconf 90' lang='lat' dir='ltr'>lV.</span> <span class='ocrx_word' id='word_1_113' title='bbox 502 1755 737 1834; x_wconf 79' lang='lat' dir='ltr'>praedecessoris</span> <span class='ocrx_word' id='word_1_114' title='bbox 756 1756 855 1828; x_wconf 84' lang='lat' dir='ltr'>nostri,</span> <span class='ocrx_word' id='word_1_115' title='bbox 875 1753 980 1818; x_wconf 83' lang='lat' dir='ltr'>editum</span> <span class='ocrx_word' id='word_1_116' title='bbox 999 1775 1085 1836; x_wconf 88' lang='lat' dir='ltr'>snper</span> <span class='ocrx_word' id='word_1_117' title='bbox 1102 1776 1159 1815; x_wconf 90' lang='lat' dir='ltr'>non</span> <span class='ocrx_word' id='word_1_118' title='bbox 1180 1777 1229 1817; x_wconf 81' lang='lat' dir='ltr'>re·</span> 
     </span>
     <span class='ocr_line' id='line_1_17' title="bbox 199 1840 1230 1922; baseline 0.001 -21"><span class='ocrx_word' id='word_1_119' title='bbox 199 1840 340 1921; x_wconf 86' lang='lat' dir='ltr'>cipiendis</span> <span class='ocrx_word' id='word_1_120' title='bbox 358 1844 387 1900; x_wconf 92' lang='lat' dir='ltr'>in</span> <span class='ocrx_word' id='word_1_121' title='bbox 404 1843 528 1921; x_wconf 88' lang='lat' dir='ltr'>pecunia</span> <span class='ocrx_word' id='word_1_122' title='bbox 545 1841 805 1921; x_wconf 86' lang='lat' dir='ltr'>procurationibus,</span> <span class='ocrx_word' id='word_1_123' title='bbox 825 1861 860 1900; x_wconf 88' lang='lat' dir='ltr'>ac</span> <span class='ocrx_word' id='word_1_124' title='bbox 879 1859 966 1922; x_wconf 88' lang='lat' dir='ltr'>super</span> <span class='ocrx_word' id='word_1_125' title='bbox 982 1841 1151 1920; x_wconf 79' lang='lat' dir='ltr'>receptione</span> <span class='ocrx_word' id='word_1_126' title='bbox 1164 1862 1230 1902; x_wconf 87' lang='lat' dir='ltr'>mu·</span> 
     </span>
     <span class='ocr_line' id='line_1_18' title="bbox 197 1921 1229 2007; baseline 0.002 -21"><span class='ocrx_word' id='word_1_127' title='bbox 197 1945 297 1987; x_wconf 86' lang='lat' dir='ltr'>nerum</span> <span class='ocrx_word' id='word_1_128' title='bbox 324 1921 517 1998; x_wconf 82' lang='lat' dir='ltr'>visitantibus,</span> <span class='ocrx_word' id='word_1_129' title='bbox 550 1945 707 2007; x_wconf 77' lang='lat' dir='ltr'>corumque</span> <span class='ocrx_word' id='word_1_130' title='bbox 733 1921 918 1988; x_wconf 79' lang='lat' dir='ltr'>familiaribus</span> <span class='ocrx_word' id='word_1_131' title='bbox 945 1925 1112 1996; x_wconf 85' lang='lat' dir='ltr'>interdicta,</span> <span class='ocrx_word' id='word_1_132' title='bbox 1142 1947 1229 2005; x_wconf 84' lang='lat' dir='ltr'>quam</span> 
     </span>
     <span class='ocr_line' id='line_1_19' title="bbox 198 2009 1229 2091; baseline 0.003 -19"><span class='ocrx_word' id='word_1_133' title='bbox 198 2014 348 2072; x_wconf 83' lang='lat' dir='ltr'>multorum</span> <span class='ocrx_word' id='word_1_134' title='bbox 375 2009 468 2074; x_wconf 84' lang='lat' dir='ltr'>iertnr</span> <span class='ocrx_word' id='word_1_135' title='bbox 494 2010 640 2074; x_wconf 86' lang='lat' dir='ltr'>temeritas</span> <span class='ocrx_word' id='word_1_136' title='bbox 667 2014 836 2091; x_wconf 86' lang='lat' dir='ltr'>praeterire,</span> <span class='ocrx_word' id='word_1_137' title='bbox 864 2010 994 2072; x_wconf 88' lang='lat' dir='ltr'>volentes</span> <span class='ocrx_word' id='word_1_138' title='bbox 1021 2009 1229 2075; x_wconf 87' lang='lat' dir='ltr'>inviolabiliter</span> 
     </span>
     <span class='ocr_line' id='line_1_20' title="bbox 196 2091 1229 2170; baseline 0.003 -15"><span class='ocrx_word' id='word_1_139' title='bbox 196 2094 356 2170; x_wconf 83' lang='lat' dir='ltr'>observari,</span> <span class='ocrx_word' id='word_1_140' title='bbox 375 2117 438 2160; x_wconf 89' lang='lat' dir='ltr'>eam</span> <span class='ocrx_word' id='word_1_141' title='bbox 457 2091 637 2160; x_wconf 88' lang='lat' dir='ltr'>decernimus</span> <span class='ocrx_word' id='word_1_142' title='bbox 682 2117 772 2158; x_wconf 88' lang='lat' dir='ltr'>nouae</span> <span class='ocrx_word' id='word_1_143' title='bbox 791 2094 955 2158; x_wconf 84' lang='lat' dir='ltr'>adiectione</span> <span class='ocrx_word' id='word_1_144' title='bbox 974 2095 1139 2170; x_wconf 70' lang='lat' dir='ltr'>iuvandam,</span> <span class='ocrx_word' id='word_1_145' title='bbox 1167 2109 1229 2158; x_wconf 82' lang='lat' dir='ltr'>sta-</span> 
     </span>
     <span class='ocr_line' id='line_1_21' title="bbox 198 2119 1229 2265; baseline 0.002 -24"><span class='ocrx_word' id='word_1_146' title='bbox 198 2183 321 2255; x_wconf 82' lang='lat' dir='ltr'>tuentes,</span> <span class='ocrx_word' id='word_1_147' title='bbox 341 2194 373 2241; x_wconf 91' lang='lat' dir='ltr'>ut</span> <span class='ocrx_word' id='word_1_148' title='bbox 389 2180 515 2244; x_wconf 84' lang='lat' dir='ltr'>universi</span> <span class='ocrx_word' id='word_1_149' title='bbox 534 2194 564 2244; x_wconf 88' lang='lat' dir='ltr'>et</span> <span class='ocrx_word' id='word_1_150' title='bbox 581 2119 699 2265; x_wconf 74' lang='lat' dir='ltr'>singuii,</span> <span class='ocrx_word' id='word_1_151' title='bbox 728 2183 775 2264; x_wconf 86' lang='lat' dir='ltr'>qui</span> <span class='ocrx_word' id='word_1_152' title='bbox 797 2181 834 2242; x_wconf 94' lang='lat' dir='ltr'>ob</span> <span class='ocrx_word' id='word_1_153' title='bbox 856 2183 1087 2262; x_wconf 87' lang='lat' dir='ltr'>procurationem</span> <span class='ocrx_word' id='word_1_154' title='bbox 1106 2177 1161 2242; x_wconf 85' lang='lat' dir='ltr'>sibi</span> <span class='ocrx_word' id='word_1_155' title='bbox 1180 2203 1229 2243; x_wconf 88' lang='lat' dir='ltr'>na·</span> 
     </span>
     <span class='ocr_line' id='line_1_22' title="bbox 198 2259 1229 2351; baseline 0.001 -23"><span class='ocrx_word' id='word_1_156' title='bbox 198 2269 277 2328; x_wconf 90' lang='lat' dir='ltr'>tione</span> <span class='ocrx_word' id='word_1_157' title='bbox 295 2267 468 2330; x_wconf 83' lang='lat' dir='ltr'>visitationis</span> <span class='ocrx_word' id='word_1_158' title='bbox 487 2259 612 2329; x_wconf 85' lang='lat' dir='ltr'>debitam</span> <span class='ocrx_word' id='word_1_159' title='bbox 631 2267 750 2347; x_wconf 81' lang='lat' dir='ltr'>exigere</span> <span class='ocrx_word' id='word_1_160' title='bbox 768 2266 933 2351; x_wconf 83' lang='lat' dir='ltr'>pecuniam,</span> <span class='ocrx_word' id='word_1_161' title='bbox 961 2268 1007 2328; x_wconf 90' lang='lat' dir='ltr'>vcl</span> <span class='ocrx_word' id='word_1_162' title='bbox 1030 2269 1115 2328; x_wconf 91' lang='lat' dir='ltr'>ctiam</span> <span class='ocrx_word' id='word_1_163' title='bbox 1138 2289 1229 2329; x_wconf 92' lang='lat' dir='ltr'>avo·</span> 
     </span>
     <span class='ocr_line' id='line_1_23' title="bbox 197 2345 1326 2434; baseline 0 -20"><span class='ocrx_word' id='word_1_164' title='bbox 197 2345 275 2414; x_wconf 87' lang='lat' dir='ltr'>iente</span> <span class='ocrx_word' id='word_1_165' title='bbox 294 2355 442 2434; x_wconf 85' lang='lat' dir='ltr'>recipere,</span> <span class='ocrx_word' id='word_1_166' title='bbox 464 2355 510 2413; x_wconf 86' lang='lat' dir='ltr'>vei</span> <span class='ocrx_word' id='word_1_167' title='bbox 529 2351 600 2414; x_wconf 86' lang='lat' dir='ltr'>alias</span> <span class='ocrx_word' id='word_1_168' title='bbox 619 2355 852 2416; x_wconf 88' lang='lat' dir='ltr'>constitutionem</span> <span class='ocrx_word' id='word_1_169' title='bbox 871 2355 959 2433; x_wconf 88' lang='lat' dir='ltr'>ipsam</span> <span class='ocrx_word' id='word_1_170' title='bbox 974 2352 1146 2433; x_wconf 88' lang='lat' dir='ltr'>recipiendo</span> <span class='ocrx_word' id='word_1_171' title='bbox 1164 2374 1230 2414; x_wconf 89' lang='lat' dir='ltr'>mu·</span> <span class='ocrx_word' id='word_1_172' title='bbox 1325 2355 1326 2364; x_wconf 74' lang='grc'>’</span> 
     </span>
     <span class='ocr_line' id='line_1_24' title="bbox 197 2437 1228 2520; baseline 0 -22"><span class='ocrx_word' id='word_1_173' title='bbox 197 2458 277 2510; x_wconf 84' lang='lat' dir='ltr'>nera,</span> <span class='ocrx_word' id='word_1_174' title='bbox 305 2441 365 2498; x_wconf 88' lang='lat' dir='ltr'>sivo</span> <span class='ocrx_word' id='word_1_175' title='bbox 392 2439 562 2498; x_wconf 86' lang='lat' dir='ltr'>visitationis</span> <span class='ocrx_word' id='word_1_176' title='bbox 590 2437 687 2500; x_wconf 85' lang='lat' dir='ltr'>oiiicio</span> <span class='ocrx_word' id='word_1_177' title='bbox 715 2459 772 2498; x_wconf 90' lang='lat' dir='ltr'>uon</span> <span class='ocrx_word' id='word_1_178' title='bbox 795 2441 922 2520; x_wconf 89' lang='lat' dir='ltr'>impenso</span> <span class='ocrx_word' id='word_1_179' title='bbox 944 2439 1177 2520; x_wconf 84' lang='lat' dir='ltr'>procurationem</span> <span class='ocrx_word' id='word_1_180' title='bbox 1197 2439 1228 2498; x_wconf 91' lang='lat' dir='ltr'>in</span> 
     </span>
     <span class='ocr_line' id='line_1_25' title="bbox 196 2515 1228 2605; baseline 0.004 -23"><span class='ocrx_word' id='word_1_181' title='bbox 196 2515 383 2594; x_wconf 81' lang='lat' dir='ltr'>victualibus,</span> <span class='ocrx_word' id='word_1_182' title='bbox 401 2535 450 2584; x_wconf 90' lang='lat' dir='ltr'>aut</span> <span class='ocrx_word' id='word_1_183' title='bbox 468 2516 577 2605; x_wconf 79' lang='lat' dir='ltr'>aliquid</span> <span class='ocrx_word' id='word_1_184' title='bbox 597 2520 673 2582; x_wconf 88' lang='lat' dir='ltr'>aliud</span> <span class='ocrx_word' id='word_1_185' title='bbox 696 2526 908 2603; x_wconf 84' lang='lat' dir='ltr'>procurationis</span> <span class='ocrx_word' id='word_1_186' title='bbox 927 2524 1096 2595; x_wconf 84' lang='lat' dir='ltr'>occasione,</span> <span class='ocrx_word' id='word_1_187' title='bbox 1114 2525 1228 2586; x_wconf 84' lang='lat' dir='ltr'>violare</span> 
     </span>
     <span class='ocr_line' id='line_1_26' title="bbox 195 2598 1229 2690; baseline 0.005 -24"><span class='ocrx_word' id='word_1_188' title='bbox 195 2609 448 2686; x_wconf 78' lang='lat' dir='ltr'>praesumpserint,</span> <span class='ocrx_word' id='word_1_189' title='bbox 468 2598 581 2686; x_wconf 85' lang='lat' dir='ltr'>duplum</span> <span class='ocrx_word' id='word_1_190' title='bbox 596 2609 667 2680; x_wconf 90' lang='lat' dir='ltr'>eius,</span> <span class='ocrx_word' id='word_1_191' title='bbox 687 2605 762 2690; x_wconf 83' lang='lat' dir='ltr'>qnod</span> <span class='ocrx_word' id='word_1_192' title='bbox 776 2611 942 2690; x_wconf 89' lang='lat' dir='ltr'>receperint</span> <span class='ocrx_word' id='word_1_193' title='bbox 960 2609 1114 2681; x_wconf 85' lang='lat' dir='ltr'>ccclesiae,</span> <span class='ocrx_word' id='word_1_194' title='bbox 1134 2630 1152 2670; x_wconf 86' lang='lat' dir='ltr'>a</span> <span class='ocrx_word' id='word_1_195' title='bbox 1169 2630 1229 2689; x_wconf 80' lang='lat' dir='ltr'>qua</span> 
     </span>
     <span class='ocr_line' id='line_1_27' title="bbox 196 2687 1325 2772; baseline 0.004 -22"><span class='ocrx_word' id='word_1_196' title='bbox 196 2687 228 2752; x_wconf 79' lang='lat' dir='ltr'>tt</span> <span class='ocrx_word' id='word_1_197' title='bbox 245 2702 392 2772; x_wconf 89' lang='lat' dir='ltr'>receptum</span> <span class='ocrx_word' id='word_1_198' title='bbox 414 2693 516 2766; x_wconf 88' lang='lat' dir='ltr'>fuerit,</span> <span class='ocrx_word' id='word_1_199' title='bbox 543 2695 618 2752; x_wconf 88' lang='lat' dir='ltr'>intra</span> <span class='ocrx_word' id='word_1_200' title='bbox 640 2714 766 2756; x_wconf 85' lang='lat' dir='ltr'>mensem</span> <span class='ocrx_word' id='word_1_201' title='bbox 788 2687 913 2756; x_wconf 87' lang='lat' dir='ltr'>reddere</span> <span class='ocrx_word' id='word_1_202' title='bbox 937 2705 1099 2756; x_wconf 77' lang='lat' dir='ltr'>teneantur.</span> <span class='ocrx_word' id='word_1_203' title='bbox 1141 2695 1229 2755; x_wconf 83' lang='lat' dir='ltr'>Alio·</span> <span class='ocrx_word' id='word_1_204' title='bbox 1324 2741 1325 2744; x_wconf 63' lang='lat'>,</span> 
     </span>
     <span class='ocr_line' id='line_1_28' title="bbox 197 2775 1229 2862; baseline 0.001 -22"><span class='ocrx_word' id='word_1_205' title='bbox 197 2778 263 2860; x_wconf 85' lang='lat' dir='ltr'>quin</span> <span class='ocrx_word' id='word_1_206' title='bbox 278 2788 392 2840; x_wconf 85' lang='lat' dir='ltr'>extunc</span> <span class='ocrx_word' id='word_1_207' title='bbox 408 2779 602 2858; x_wconf 83' lang='lat' dir='ltr'>patriarchae,</span> <span class='ocrx_word' id='word_1_208' title='bbox 615 2775 837 2862; x_wconf 88' lang='lat' dir='ltr'>archiepiscopi,</span> <span class='ocrx_word' id='word_1_209' title='bbox 851 2780 991 2860; x_wconf 90' lang='lat' dir='ltr'>episcopi,</span> <span class='ocrx_word' id='word_1_210' title='bbox 1006 2778 1118 2859; x_wconf 86' lang='lat' dir='ltr'>duplum</span> <span class='ocrx_word' id='word_1_211' title='bbox 1134 2781 1229 2860; x_wconf 89' lang='lat' dir='ltr'>ipsum</span> 
     </span>
    </p>

    <p class='ocr_par' dir='ltr' id='par_1_9' title="bbox 82 2856 1229 3287">
     <span class='ocr_line' id='line_1_29' title="bbox 82 2856 1229 2946; baseline 0.001 -20"><span class='ocrx_word' id='word_1_212' title='bbox 82 2883 89 2896; x_wconf 54' lang='lat'>⁸</span> <span class='ocrx_word' id='word_1_213' title='bbox 143 2883 182 2926; x_wconf 84' lang='lat' dir='ltr'>roo</span> <span class='ocrx_word' id='word_1_214' title='bbox 194 2858 271 2926; x_wconf 86' lang='lat' dir='ltr'>ultra</span> <span class='ocrx_word' id='word_1_215' title='bbox 289 2856 467 2943; x_wconf 87' lang='lat' dir='ltr'>praedictum</span> <span class='ocrx_word' id='word_1_216' title='bbox 484 2875 595 2946; x_wconf 85' lang='lat' dir='ltr'>tempos</span> <span class='ocrx_word' id='word_1_217' title='bbox 614 2863 767 2926; x_wconf 89' lang='lat' dir='ltr'>restituere</span> <span class='ocrx_word' id='word_1_218' title='bbox 787 2859 967 2938; x_wconf 78' lang='lat' dir='ltr'>differentes,</span> <span class='ocrx_word' id='word_1_219' title='bbox 991 2867 1151 2944; x_wconf 77' lang='lat' dir='ltr'>ingressum</span> <span class='ocrx_word' id='word_1_220' title='bbox 1169 2867 1229 2927; x_wconf 88' lang='lat' dir='ltr'>sibi</span> 
     </span>
     <span class='ocr_line' id='line_1_30' title="bbox 195 2943 1229 3013; baseline 0.005 -5"><span class='ocrx_word' id='word_1_221' title='bbox 195 2943 339 3012; x_wconf 83' lang='lat' dir='ltr'>ecciesiae</span> <span class='ocrx_word' id='word_1_222' title='bbox 366 2953 491 3012; x_wconf 86' lang='lat' dir='ltr'>sentiant</span> <span class='ocrx_word' id='word_1_223' title='bbox 517 2945 709 3012; x_wconf 84' lang='lat' dir='ltr'>interdictum.</span> <span class='ocrx_word' id='word_1_224' title='bbox 746 2946 904 3013; x_wconf 87' lang='lat' dir='ltr'>loierioncs</span> <span class='ocrx_word' id='word_1_225' title='bbox 928 2969 999 3011; x_wconf 89' lang='lat' dir='ltr'>vero</span> <span class='ocrx_word' id='word_1_226' title='bbox 1021 2951 1057 3012; x_wconf 91' lang='lat' dir='ltr'>ab</span> <span class='ocrx_word' id='word_1_227' title='bbox 1077 2952 1175 3012; x_wconf 84' lang='lat' dir='ltr'>officio</span> <span class='ocrx_word' id='word_1_228' title='bbox 1196 2964 1229 3013; x_wconf 89' lang='lat' dir='ltr'>ct</span> 
     </span>
     <span class='ocr_line' id='line_1_31' title="bbox 193 3031 1228 3116; baseline 0.005 -22"><span class='ocrx_word' id='word_1_229' title='bbox 193 3034 340 3096; x_wconf 78' lang='lat' dir='ltr'>beneficio</span> <span class='ocrx_word' id='word_1_230' title='bbox 357 3033 489 3096; x_wconf 89' lang='lat' dir='ltr'>noverint</span> <span class='ocrx_word' id='word_1_231' title='bbox 507 3056 538 3096; x_wconf 91' lang='lat' dir='ltr'>se</span> <span class='ocrx_word' id='word_1_232' title='bbox 556 3055 719 3116; x_wconf 89' lang='lat' dir='ltr'>suspensos,</span> <span class='ocrx_word' id='word_1_233' title='bbox 738 3049 883 3116; x_wconf 86' lang='lat' dir='ltr'>quousque</span> <span class='ocrx_word' id='word_1_234' title='bbox 902 3031 939 3096; x_wconf 88' lang='lat' dir='ltr'>de</span> <span class='ocrx_word' id='word_1_235' title='bbox 958 3034 1044 3115; x_wconf 89' lang='lat' dir='ltr'>dupio</span> <span class='ocrx_word' id='word_1_236' title='bbox 1063 3037 1228 3099; x_wconf 81' lang='lat' dir='ltr'>buiusmotli</span> 
     </span>
     <span class='ocr_line' id='line_1_32' title="bbox 194 3119 1228 3202; baseline 0.006 -24"><span class='ocrx_word' id='word_1_237' title='bbox 194 3119 321 3196; x_wconf 80' lang='lat' dir='ltr'>gravatis</span> <span class='ocrx_word' id='word_1_238' title='bbox 339 3119 472 3183; x_wconf 87' lang='lat' dir='ltr'>ecclesiis</span> <span class='ocrx_word' id='word_1_239' title='bbox 486 3119 643 3200; x_wconf 88' lang='lat' dir='ltr'>plenariam</span> <span class='ocrx_word' id='word_1_240' title='bbox 657 3119 882 3182; x_wconf 86' lang='lat' dir='ltr'>satisfactionem</span> <span class='ocrx_word' id='word_1_241' title='bbox 896 3120 1070 3202; x_wconf 81' lang='lat' dir='ltr'>impendant,</span> <span class='ocrx_word' id='word_1_242' title='bbox 1089 3121 1168 3183; x_wconf 87' lang='lat' dir='ltr'>nulia</span> <span class='ocrx_word' id='word_1_243' title='bbox 1181 3127 1228 3184; x_wconf 88' lang='lat' dir='ltr'>eis</span> 
     </span>
     <span class='ocr_line' id='line_1_33' title="bbox 195 3198 1171 3287; baseline 0.007 -26"><span class='ocrx_word' id='word_1_244' title='bbox 195 3205 224 3262; x_wconf 92' lang='lat' dir='ltr'>in</span> <span class='ocrx_word' id='word_1_245' title='bbox 242 3204 299 3265; x_wconf 93' lang='lat' dir='ltr'>boc</span> <span class='ocrx_word' id='word_1_246' title='bbox 317 3198 442 3286; x_wconf 87' lang='lat' dir='ltr'>dantium</span> <span class='ocrx_word' id='word_1_247' title='bbox 461 3208 640 3278; x_wconf 84' lang='lat' dir='ltr'>remissione,</span> <span class='ocrx_word' id='word_1_248' title='bbox 659 3206 832 3268; x_wconf 87' lang='lat' dir='ltr'>liberalitate</span> <span class='ocrx_word' id='word_1_249' title='bbox 854 3225 905 3268; x_wconf 88' lang='lat' dir='ltr'>seu</span> <span class='ocrx_word' id='word_1_250' title='bbox 928 3209 1021 3287; x_wconf 80' lang='lat' dir='ltr'>gratia</span> <span class='ocrx_word' id='word_1_251' title='bbox 1039 3203 1171 3269; x_wconf 85' lang='lat' dir='ltr'>valitura.</span> 
     </span>
    </p>
   </div>
   <div class='ocr_carea' id='block_1_7' title="bbox 255 3333 1162 3442">
    <p class='ocr_par' dir='ltr' id='par_1_10' title="bbox 255 3333 1162 3442">
     <span class='ocr_line' id='line_1_34' title="bbox 255 3333 1162 3442; baseline 0.002 -6"><span class='ocrx_word' id='word_1_252' title='bbox 255 3369 518 3438; x_wconf 75' lang='lat' dir='ltr'>innocentius</span> <span class='ocrx_word' id='word_1_253' title='bbox 538 3371 589 3438; x_wconf 86' lang='lat'><em>111.</em></span> <span class='ocrx_word' id='word_1_254' title='bbox 613 3369 656 3438; x_wconf 87' lang='lat' dir='ltr'>uv</span> <span class='ocrx_word' id='word_1_255' title='bbox 674 3373 854 3441; x_wconf 79' lang='lat' dir='ltr'>coneraio</span> <span class='ocrx_word' id='word_1_256' title='bbox 874 3333 1162 3442; x_wconf 70' lang='lat' dir='ltr'>tirannorum.</span> 
     </span>
    </p>
   </div>
   <div class='ocr_carea' id='block_1_8' title="bbox 279 3496 1135 3652">
    <p class='ocr_par' dir='ltr' id='par_1_11' title="bbox 279 3496 1135 3652">
     <span class='ocr_line' id='line_1_35' title="bbox 279 3496 1135 3562; baseline -0.001 -14"><span class='ocrx_word' id='word_1_257' title='bbox 279 3496 321 3548; x_wconf 78' lang='lat' dir='ltr'>Ex</span> <span class='ocrx_word' id='word_1_258' title='bbox 330 3497 402 3546; x_wconf 83' lang='lat' dir='ltr'>lib.l.</span> <span class='ocrx_word' id='word_1_259' title='bbox 417 3497 602 3552; x_wconf 70' lang='lat' dir='ltr'>Deerrtelium.</span> <span class='ocrx_word' id='word_1_260' title='bbox 618 3498 659 3550; x_wconf 77' lang='lat' dir='ltr'>at.</span> <span class='ocrx_word' id='word_1_261' title='bbox 669 3497 767 3546; x_wconf 74' lang='lat' dir='ltr'>xxxi.</span> <span class='ocrx_word' id='word_1_262' title='bbox 777 3499 903 3550; x_wconf 67' lang='lat' dir='ltr'>ueunoo</span> <span class='ocrx_word' id='word_1_263' title='bbox 912 3499 1013 3558; x_wconf 78' lang='lat' dir='ltr'>iudicia,</span> <span class='ocrx_word' id='word_1_264' title='bbox 1023 3513 1081 3562; x_wconf 84' lang='lat' dir='ltr'>cap.</span> <span class='ocrx_word' id='word_1_265' title='bbox 1091 3503 1135 3550; x_wconf 79' lang='lat' dir='ltr'>tt.</span> 
     </span>
     <span class='ocr_line' id='line_1_36' title="bbox 524 3585 890 3652; baseline 0 -14"><span class='ocrx_word' id='word_1_266' title='bbox 524 3591 596 3648; x_wconf 69' lang='lat' dir='ltr'>(fleas</span> <span class='ocrx_word' id='word_1_267' title='bbox 607 3585 637 3637; x_wconf 79' lang='lat' dir='ltr'>V.</span> <span class='ocrx_word' id='word_1_268' title='bbox 647 3588 677 3638; x_wconf 80' lang='lat' dir='ltr'>de</span> <span class='ocrx_word' id='word_1_269' title='bbox 686 3593 781 3640; x_wconf 73' lang='lat' dir='ltr'>reform</span> <span class='ocrx_word' id='word_1_270' title='bbox 796 3603 848 3652; x_wconf 81' lang='lat' dir='ltr'>cup.</span> <span class='ocrx_word' id='word_1_271' title='bbox 857 3595 890 3648; x_wconf 64' lang='grc' dir='ltr'>Ἀ)</span> 
     </span>
    </p>
   </div>
   <div class='ocr_carea' id='block_1_9' title="bbox 192 3677 1322 4018">
    <p class='ocr_par' dir='ltr' id='par_1_12' title="bbox 192 3677 1322 4018">
     <span class='ocr_line' id='line_1_37' title="bbox 278 3677 1223 3768; baseline 0.01 -30"><span class='ocrx_word' id='word_1_272' title='bbox 278 3677 358 3740; x_wconf 85' lang='lat' dir='ltr'>later</span> <span class='ocrx_word' id='word_1_273' title='bbox 376 3691 483 3754; x_wconf 86' lang='lat' dir='ltr'>cetera,</span> <span class='ocrx_word' id='word_1_274' title='bbox 507 3695 580 3763; x_wconf 82' lang='lat' dir='ltr'>quac</span> <span class='ocrx_word' id='word_1_275' title='bbox 598 3695 730 3764; x_wconf 83' lang='lat' dir='ltr'>spectant</span> <span class='ocrx_word' id='word_1_276' title='bbox 747 3684 785 3745; x_wconf 86' lang='lat' dir='ltr'>ad</span> <span class='ocrx_word' id='word_1_277' title='bbox 802 3687 921 3746; x_wconf 81' lang='lat' dir='ltr'>salutern</span> <span class='ocrx_word' id='word_1_278' title='bbox 939 3687 1037 3768; x_wconf 84' lang='lat' dir='ltr'>populi</span> <span class='ocrx_word' id='word_1_279' title='bbox 1055 3685 1223 3763; x_wconf 77' lang='lat' dir='ltr'>Christiani,</span> 
     </span>
     <span class='ocr_line' id='line_1_38' title="bbox 192 3762 1223 3849; baseline 0.015 -29"><span class='ocrx_word' id='word_1_280' title='bbox 192 3762 326 3842; x_wconf 83' lang='lat' dir='ltr'>pabulum</span> <span class='ocrx_word' id='word_1_281' title='bbox 342 3766 424 3825; x_wconf 84' lang='lat' dir='ltr'>verbi</span> <span class='ocrx_word' id='word_1_282' title='bbox 442 3766 496 3826; x_wconf 84' lang='lat' dir='ltr'>Dei</span> <span class='ocrx_word' id='word_1_283' title='bbox 517 3770 691 3849; x_wconf 75' lang='lat' dir='ltr'>permaximo</span> <span class='ocrx_word' id='word_1_284' title='bbox 715 3773 844 3834; x_wconf 84' lang='lat' dir='ltr'>noscitur</span> <span class='ocrx_word' id='word_1_285' title='bbox 860 3771 917 3834; x_wconf 86' lang='lat' dir='ltr'>sibi</span> <span class='ocrx_word' id='word_1_286' title='bbox 933 3787 998 3834; x_wconf 84' lang='lat' dir='ltr'>esso</span> <span class='ocrx_word' id='word_1_287' title='bbox 1015 3776 1223 3846; x_wconf 62' lang='lat' dir='ltr'>necesarium,</span> 
     </span>
     <span class='ocr_line' id='line_1_39' title="bbox 193 3846 1322 3977; baseline 0.014 -74"><span class='ocrx_word' id='word_1_288' title='bbox 193 3846 260 3924; x_wconf 87' lang='lat' dir='ltr'>qnia</span> <span class='ocrx_word' id='word_1_289' title='bbox 277 3848 352 3907; x_wconf 89' lang='lat' dir='ltr'>sicot</span> <span class='ocrx_word' id='word_1_290' title='bbox 370 3865 474 3928; x_wconf 84' lang='lat' dir='ltr'>corpus</span> <span class='ocrx_word' id='word_1_291' title='bbox 492 3852 645 3926; x_wconf 84' lang='lat' dir='ltr'>materiali,</span> <span class='ocrx_word' id='word_1_292' title='bbox 672 3857 715 3917; x_wconf 86' lang='lat' dir='ltr'>aie</span> <span class='ocrx_word' id='word_1_293' title='bbox 738 3858 832 3917; x_wconf 80' lang='lat' dir='ltr'>anima</span> <span class='ocrx_word' id='word_1_294' title='bbox 853 3859 993 3938; x_wconf 85' lang='lat' dir='ltr'>spirituali</span> <span class='ocrx_word' id='word_1_295' title='bbox 1012 3857 1077 3918; x_wconf 91' lang='lat' dir='ltr'>cibo</span> <span class='ocrx_word' id='word_1_296' title='bbox 1096 3861 1225 3920; x_wconf 86' lang='lat' dir='ltr'>nutritur</span> <span class='ocrx_word' id='word_1_297' title='bbox 1321 3901 1322 3977; x_wconf 54' lang='lat' dir='ltr'>p</span> 
     </span>
     <span class='ocr_line' id='line_1_40' title="bbox 193 3930 1223 4018; baseline 0.016 -31"><span class='ocrx_word' id='word_1_298' title='bbox 193 3947 241 4002; x_wconf 87' lang='lat' dir='ltr'>eo,</span> <span class='ocrx_word' id='word_1_299' title='bbox 270 3930 344 4011; x_wconf 87' lang='lat' dir='ltr'>qnod</span> <span class='ocrx_word' id='word_1_300' title='bbox 364 3951 420 3991; x_wconf 93' lang='lat' dir='ltr'>non</span> <span class='ocrx_word' id='word_1_301' title='bbox 438 3936 467 3994; x_wconf 94' lang='lat' dir='ltr'>in</span> <span class='ocrx_word' id='word_1_302' title='bbox 483 3939 547 3997; x_wconf 86' lang='lat' dir='ltr'>solo</span> <span class='ocrx_word' id='word_1_303' title='bbox 570 3957 645 4018; x_wconf 90' lang='lat' dir='ltr'>pane</span> <span class='ocrx_word' id='word_1_304' title='bbox 668 3943 746 4001; x_wconf 91' lang='lat' dir='ltr'>vivat</span> <span class='ocrx_word' id='word_1_305' title='bbox 767 3941 862 4016; x_wconf 88' lang='lat' dir='ltr'>bonno,</span> <span class='ocrx_word' id='word_1_306' title='bbox 890 3943 941 4004; x_wconf 85' lang='lat' dir='ltr'>sed</span> <span class='ocrx_word' id='word_1_307' title='bbox 964 3945 1091 4006; x_wconf 81' lang='lat' dir='ltr'>inomni</span> <span class='ocrx_word' id='word_1_308' title='bbox 1117 3945 1223 4015; x_wconf 76' lang='lat' dir='ltr'>verbe,</span> 
     </span>
    </p>
   </div>
   <div class='ocr_carea' id='block_1_10' title="bbox 0 0 1332 4334">
    <p class='ocr_par' dir='ltr' id='par_1_13' title="bbox 0 0 1332 4334">
     <span class='ocr_line' id='line_1_41' title="bbox 0 0 1332 4334; baseline 0 0"><span class='ocrx_word' id='word_1_309' title='bbox 0 0 1332 4334; x_wconf 95' lang='lat' dir='ltr'> </span> 
     </span>
    </p>
   </div>
  </div>
 </body>
</html>
