2654 4330
213 241 291 298 m
386 239 548 295 sussto
575 238 677 295 xxm.
712 238 772 292 DE
796 237 1063 292 REFORMAT.
1111 294 1116 302 ,

212 380 259 451 sit,
278 381 433 453 nominent,
453 381 529 440 omni
545 378 739 460 appellatione
749 389 870 440 remota.
915 375 995 452 Quod
1007 380 1030 438 si
1042 379 1238 458 neglexerint,

212 466 364 545 episcopus
382 468 443 546 ipse
462 465 587 546 deputet
632 464 784 524 Docebunt
801 475 894 525 autem
913 464 1053 544 praedicti
1072 465 1238 546 quaevide·

208 549 317 610 'buntur
338 555 475 632 episcopo
493 550 643 631 expedire·
689 549 732 612 lle
755 561 855 610 cetero
877 569 946 610 vero
966 549 1059 610 officia
1076 550 1122 610 vel
1142 549 1238 629 digni·

212 647 286 696 tates
308 636 389 709 illae,
414 655 485 717 quae
508 637 714 697 scholastcriae
738 633 883 708 dicuntur,
911 655 966 695 uon
989 636 1044 696 nisi
1066 635 1239 696 doctoribus

209 723 257 782 vel
274 724 418 800 magistris
435 733 485 784 aut
502 722 656 782 licentiatis
674 722 702 780 in
721 739 804 780 sacra
822 722 927 800 pagina
942 731 993 780 ant
1015 723 1045 780 in
1063 724 1127 783 iure
1147 741 1239 782 cano·

165 847 167 855 ,
209 809 288 879 nico,
307 818 338 870 ct
359 809 422 868 aliis
440 809 570 888 personis
589 806 714 878 idoneis,
737 817 768 864 et
789 808 836 886 qui
858 825 964 885 perse
986 807 1064 886 ipsos
1082 803 1112 868 id
1135 826 1240 866 munus

117 917 122 926 ’
208 891 329 971 explere
347 894 470 972 possint,
489 892 689 963 conferantur,
713 903 742 950 et
759 893 845 952 aliter
861 893 939 952 iacta
955 893 1083 972 provisio
1101 892 1182 952 nulla
1199 893 1239 950 sit

209 987 242 1036 et
258 978 396 1051 invalida;
421 998 477 1037 uon
496 976 674 1037 obstantibus
693 975 837 1056 quibusvis
854 977 1013 1056 privilegiis
1031 988 1062 1038 ct
1079 987 1239 1037 consuetu·

211 1061 332 1134 dinibus,
351 1065 436 1124 etiam
455 1061 733 1126 immemorabilibus.

206 1183 211 1192 ι
297 1146 329 1206 Si
352 1166 420 1208 vero
443 1149 472 1207 in
495 1148 589 1227 aliqua
611 1148 759 1228 provincia
787 1148 930 1208 ecclcsiae
958 1158 1037 1208 muta
1062 1158 1240 1227 paupertate

210 1232 356 1305 laborent,
381 1245 412 1292 ut
429 1233 582 1312 collegium
606 1236 634 1293 in
652 1232 793 1312 aliquibus
811 1235 885 1312 erigi
902 1253 959 1292 nou
977 1235 1082 1313 possit,
1106 1232 1238 1312 synodus

209 1319 403 1401 provincialis,
421 1319 468 1379 vel
486 1321 722 1398 metropolitanus
740 1338 803 1378 curn
822 1318 932 1380 duobus
949 1317 1157 1398 antiquioribus
1176 1320 1239 1378 sul-

209 1404 394 1480 lragancisiu
413 1404 539 1466 ecclesia
557 1405 789 1484 metropolitana,
807 1405 854 1464 vel
863 1405 920 1464 alia
929 1406 1096 1484 provinciae
1106 1405 1239 1464 ecclesia

211 1488 409 1562 commodiori,
428 1509 511 1550 unum
531 1500 580 1550 aut
596 1490 678 1569 plura
693 1490 827 1568 collegia,
846 1500 932 1570 prout
951 1500 1139 1569 opportunum
1158 1488 1238 1549 iudi-

211 1574 303 1647 cabit,
330 1594 368 1634 ex
384 1574 525 1637 fructibus
543 1574 659 1636 duarum
678 1585 728 1634 aut
744 1576 865 1655 plurium
884 1577 1085 1649 ecclesiarum,
1114 1578 1143 1633 in
1172 1577 1238 1654 qui·

51 1695 57 1708 ·
157 1659 262 1720 mnus
280 1661 398 1739 singulis
417 1660 570 1740 collegium
589 1659 739 1722 commode
757 1663 865 1720 institui
884 1681 941 1721 non
958 1671 1069 1742 potest,
1093 1660 1238 1740 erigenda

210 1745 335 1818 curabit,
354 1747 403 1808 ubi
420 1750 502 1826 pueri
520 1747 630 1808 illarum
650 1747 837 1808 ecclesiarum
856 1745 1023 1808 educentur.

293 1831 325 1891 In
353 1834 485 1894 ecclesiis
512 1843 606 1894 autem
633 1833 741 1914 amplas
767 1831 917 1892 dioeceses
944 1831 1113 1892 habentibus
1140 1833 1235 1910 possit

111 1935 115 1940 ·
207 1919 360 1998 episcopus
386 1939 469 1979 unum
487 1919 533 1980 vel
549 1920 633 1999 plura
649 1921 679 1978 in
697 1918 840 1990 dioecesi,
866 1929 952 1998 prout
969 1919 1022 1978 sibi
1041 1928 1234 1998 opportunum

206 2001 360 2078 videbitur,
380 2005 487 2066 babere
505 1999 674 2078 seminaria3
694 2025 766 2084 quae
784 2003 933 2063 tamenab
952 2004 1001 2062 illo
1020 2023 1087 2075 uno,
1106 2001 1184 2082 quod
1202 2005 1234 2062 in

207 2089 323 2150 civitate
342 2102 469 2151 erectum
488 2099 518 2150 et
536 2093 717 2150 constitutum
736 2091 832 2162 luerit,
851 2090 879 2148 in
895 2089 1023 2148 omnibus
1037 2087 1232 2168 dependeant.

292 2174 455 2248 Postremo,
479 2178 503 2236 si
521 2175 566 2236 vel
584 2195 637 2255 pro
656 2176 822 2246 unionibus,
850 2194 902 2236 seu
923 2194 976 2254 pro
999 2176 1161 2254 portionum
1188 2184 1237 2232 ta·

117 2289 120 2298 =
177 2257 182 2266 ”
205 2260 332 2332 xatione,
355 2262 401 2321 vel
424 2261 617 2339 assignatione
636 2271 667 2320 et
684 2262 933 2341 incorporatione,
957 2271 1006 2318 ant
1025 2261 1151 2340 qualibet
1173 2261 1232 2320 alia

205 2346 318 2406 ratione
342 2344 534 2408 difficultatem
553 2346 675 2426 aliquam
698 2347 768 2406 oriri
792 2347 961 2424 contigerit,
985 2346 1022 2406 ob
1046 2366 1128 2427 quam
1146 2346 1233 2404 buius

144 2471 148 2478 -
206 2432 351 2490 seminarii
369 2433 508 2492 institutio
525 2431 572 2492 vel
596 2432 777 2492 conservatio
800 2431 988 2511 impediretur
1010 2443 1059 2492 aut
1075 2431 1232 2512 perturba·
1324 2477 1325 2490 ,

205 2524 294 2587 retur,
313 2518 465 2597 episcopus
483 2533 546 2577 cum
564 2535 650 2596 snpra
660 2515 811 2596 deputatis,
829 2518 875 2576 vel
894 2516 1019 2597 synodus
1032 2519 1232 2596 provincialis,

204 2619 257 2679 pro
276 2603 404 2680 regionis
422 2621 512 2673 more,
530 2621 583 2680 pro
602 2603 790 2662 ecclesiarum
808 2613 839 2661 et
856 2603 1059 2662 beneficiorum
1079 2603 1231 2682 qualitate,

204 2687 290 2746 etiam
314 2706 399 2765 sopru
422 2689 538 2767 scripta,
562 2689 586 2746 si
605 2707 676 2766 opus
693 2689 794 2762 luerit,
817 2686 992 2748 moderando
1016 2699 1065 2747 aut
1082 2687 1229 2764 augendo,
1249 2695 1254 2702 '

204 2773 298 2830 omnia
315 2783 347 2833 et
363 2774 488 2851 singula,
508 2792 580 2851 quae
603 2772 639 2832 ad
662 2773 776 2834 felicem
799 2775 881 2833 buius
898 2774 1042 2834 seminarii
1064 2774 1230 2853 profectum
1323 2829 1324 2854 ,

202 2860 368 2920 necessaria
391 2869 422 2919 et
444 2869 603 2940 opportuna
624 2858 809 2932 videbuntur,
833 2857 991 2920 decernere
1014 2878 1048 2920 ac
1071 2857 1230 2939 providere
1323 2855 1324 2858 ’

201 2945 305 3006 valeat.

526 3031 635 3082 indictio
652 3034 756 3080 futurae
773 3031 903 3080 sessionis.
1073 3081 1093 3106 ⁸

289 3113 409 3197 lnsuper
427 3115 527 3176 eadem
546 3129 730 3178 sacrosancta
745 3115 913 3178 Tridentino
931 3114 1058 3196 synodus
1066 3118 1228 3198 proximam

200 3201 323 3262 futuram
345 3202 501 3262 sessionem
524 3203 553 3262 in
576 3201 651 3263 diem
675 3202 814 3263 decimam
836 3213 945 3262 sexum
968 3203 1072 3262 mensis
1092 3200 1226 3281 Septem·
1322 3261 1323 3266 ,

145 3348 150 3359 ,
199 3286 259 3347 bris
276 3286 392 3360 indicit,
417 3288 445 3347 in
469 3307 523 3367 qua
542 3298 645 3368 agetur
666 3287 703 3348 de
726 3299 905 3348 sacramento
929 3289 1114 3366 matrimonii,
1141 3287 1227 3348 etde

199 3374 278 3444 aliis,
301 3374 325 3431 si
344 3391 399 3450 qua
417 3383 502 3435 erunt
518 3371 557 3432 ad·
573 3372 732 3434 doctrinam
751 3372 818 3434 fidei
835 3375 1025 3454 pertinentia,
1044 3392 1117 3454 quae
1136 3393 1226 3454 expe·

199 3456 255 3517 diri
273 3458 398 3535 possint3
425 3459 493 3520 item
515 3457 553 3518 de
575 3459 784 3538 provisionibus
806 3461 1034 3540 episcopatuum,
1054 3459 1225 3538 dignitatum

198 3541 375 3620 aliorumque
397 3542 603 3606 beneficiorum
627 3544 904 3618 ecclesiasticorum,
927 3565 962 3606 ac
981 3544 1018 3606 de
1036 3544 1158 3606 diversis
1176 3564 1224 3606 re·

197 3628 378 3687 formationis
395 3629 534 3690 articulis.
840 3697 841 3700 Ἴ

283 3713 453 3790 Prorogotu
461 3711 531 3792 suit
545 3718 635 3774 sessio
654 3735 744 3794 usque
763 3717 803 3776 od
819 3718 894 3776 diem
910 3737 951 3776 m.
962 3719 1038 3778 Nou.
1056 3737 1179 3778 unuru.
