2652 4330
306 287 472 343 sessio
499 283 548 340 vl.
582 285 642 341 nis
668 284 943 341 REFORMAT.
1087 285 1145 344 ⁸0

105 429 251 500 cesserit,
285 429 539 503 consecutionem,
575 439 660 510 atque
687 429 774 488 etiam
805 427 917 506 gloriae
945 435 1142 505 augmentatus

104 515 263 574 anathema
281 515 328 574 sit.

195 597 266 659 Cast.
285 595 421 660 xxxin.
459 598 491 660 Si
514 602 575 680 quis
594 598 714 672 dixerit,
737 617 792 678 per
812 597 886 658 banc
909 595 1070 657 doctrinam
1091 613 1144 658 ea-

104 685 248 744 tlrolicam
268 682 304 744 de
322 686 537 758 iustificatione,
556 705 574 745 a
591 695 692 745 sancta
714 681 825 764 synodo
844 683 900 744 boe
923 685 1070 762 praesenti
1089 681 1143 742 de·

105 779 190 828 creto
220 785 403 849 expressam,
440 772 535 850 aliqua
565 791 603 831 ex
628 781 711 850 parte
739 771 850 850 gloriae
879 768 934 828 net
959 768 1005 828 vel
1032 769 1142 827 meritis

105 855 173 915 lesu
193 853 301 913 Christi
319 853 433 914 Domini
455 858 547 914 nostri
566 854 715 932 derogari,
744 865 774 914 et
795 874 852 914 non
874 855 969 932 potius
990 855 1141 912 verimtem

105 936 176 999 fidei
195 949 327 1012 nostrae,
355 937 410 998 Dei
429 937 550 1018 denique
574 957 608 1005 ac
628 937 735 998 Christi
758 939 822 998 lesu
845 940 966 1016 gloriam
989 937 1143 998 illustraris

104 1025 260 1083 anathema
278 1026 324 1082 sit.

271 1181 510 1228 DECRETUM
537 1181 588 1226 ΒΕ
620 1137 977 1228 messanenses.
1150 1180 1176 1220 ⁵⁵

132 1284 160 1328 c.
171 1283 191 1327 l.
228 1281 371 1328 &ablutos
381 1281 499 1327 conuenit
508 1283 534 1327 a'n
544 1281 658 1327 ccelesiis
668 1281 722 1328 teis
732 1277 845 1327 residere
851 1292 863 1339 ‚⁸
879 1283 904 1328 ri
911 1293 984 1328 escas
987 1283 1115 1346 fecerim,

184 1351 252 1397 &sis
263 1351 473 1412 anttpntposnuc
481 1351 508 1397 in
518 1361 563 1397 sor
576 1351 743 1412 innuantur,
756 1355 783 1396 et
792 1361 875 1396 necas
883 1349 1065 1398 decernantur.

193 1432 303 1493 lladem
327 1443 514 1492 sacrosancta
536 1432 676 1513 synodus,
696 1433 804 1493 eisdem
821 1433 1052 1513 praesidentibus
1070 1454 1142 1513 apo-

106 1521 230 1580 stolicae
258 1516 335 1578 sedis
363 1519 481 1597 legatis,
509 1518 545 1578 ad
572 1518 777 1579 restituendam
806 1521 960 1599 collapsam
987 1519 1139 1580 admodum

106 1606 337 1665 ecclesiasticam
361 1602 553 1683 disciplinam,
582 1603 810 1684 depravatosque
833 1608 862 1664 in
886 1607 966 1666 clero
984 1616 1016 1664 et
1031 1606 1139 1684 populo

107 1691 273 1750 Christiano
291 1707 386 1750 mores
405 1687 599 1750 emendandos
617 1709 648 1749 se
667 1693 821 1769 accingere
839 1692 948 1763 volens,
968 1692 1004 1751 ab
1023 1693 1072 1762 iis,
1092 1692 1140 1768 qui

106 1775 263 1834 maioribus
285 1777 418 1834 ecclesiis
436 1786 585 1854 praesunt,
613 1776 721 1834 initium
740 1778 851 1836 censuit
872 1795 936 1836 esse
960 1775 1139 1848 sumendum

106 1863 260 1938 integritas
279 1862 354 1919 enim
377 1859 599 1939 praesidentium
619 1862 694 1919 salus
717 1859 1004 1936 estsubditorum1).
1042 1861 1142 1920 Conli-

106 1946 179 2006 dens
197 1948 294 2024 itaque
314 1965 365 2025 per
374 1944 488 2005 Domini
506 1967 540 2005 ac
551 1945 605 2004 Dei
624 1948 714 2004 nostri
733 1945 958 2005 misericordiam
977 1945 1140 2024 providam·

107 2051 163 2111 que
182 2033 271 2111 ipsius
288 2030 343 2090 Dei
362 2033 390 2090 in
409 2034 493 2090 terris
511 2032 613 2091 vicarii
632 2031 789 2090 sollertiam
809 2033 922 2090 omnino
941 2032 1079 2102 futurarm,
1107 2042 1141 2089 ut

105 2115 143 2176 ad
161 2117 351 2177 ecclesiarum
370 2119 508 2194 regimen,
529 2136 600 2176 onus
619 2118 721 2195 quippe
740 2118 879 2195 angelicis
897 2116 1022 2176 humeris
1040 2115 1139 2176 formi-

106 2201 247 2274 dandum,
275 2205 322 2282 qui
341 2204 461 2262 maxime
481 2202 560 2280 digni
579 2204 699 2274 fuerint,
728 2219 901 2282 quorumque
924 2205 1005 2282 prior
1026 2203 1085 2262 vita
1103 2221 1139 2260 ac

106 2289 198 2348 omnis
217 2298 307 2359 aetas,
326 2307 344 2346 a
361 2289 521 2367 puerilibus
536 2286 664 2348 exordiis
676 2305 765 2367 usque
784 2287 821 2347 ad
838 2289 1030 2367 perfectiores
1048 2306 1140 2346 annos

105 2393 159 2454 per
177 2373 347 2452 disciplinae
367 2373 509 2452 stipendia
527 2375 744 2434 ecclesiasticae
764 2373 945 2433 laudabiliter
962 2385 1037 2445 acta,
1057 2374 1139 2432 testi-

108 2461 233 2518 monium
252 2459 401 2537 praebeat,
420 2458 574 2519 seeundum
592 2459 930 2538 venerabilesbeatorum
940 2457 1055 2518 Petrum
1073 2474 1140 2518 sant·

107 2546 258 2618 ctiones²)
287 2555 479 2604 assumantur:
516 2563 614 2603 omncs
640 2545 893 2623 patriarchalibus,
921 2545 1138 2623 primatialibus‚

105 2629 336 2710 metropolitanis
359 2640 390 2690 et
412 2629 624 2689 cathedralibus
648 2631 781 2689 ecclesiis
804 2629 1015 2708 quibuscunque
1039 2631 1140 2708 quovis

105 2718 222 2775 nomine
246 2733 282 2774 ae
305 2715 389 2774 titulo
412 2717 578 2794 praefectos
601 2727 698 2775 monet
720 2736 755 2775 ac
778 2717 901 2774 monitos
924 2733 988 2774 esse
1011 2715 1083 2786 vult,
1108 2725 1140 2772 ut

105 2799 291 2862 attendentes
309 2800 402 2876 sibii)
426 2812 457 2859 ct
473 2803 606 2860 universo
625 2803 723 2879 gregi,
750 2803 779 2859 in
803 2821 858 2879 quo
877 2797 1001 2879 Spiritus
1024 2807 1139 2862 sauctus

104 2889 202 2967 posuit
230 2906 282 2946 eos
308 2906 413 2966 regere
440 2887 594 2947 ecclesiam
617 2886 686 2958 Dei,
715 2905 796 2966 quatu
824 2888 975 2965 aequisivit
1001 2887 1138 2964 sanguiue

105 2993 169 3046 stro,
187 2973 320 3050 vigilent,
339 2973 414 3031 sicut
422 2971 581 3053 Apostolus
598 2973 788 3051 praecipit4),
808 2973 838 3030 in
853 2971 982 3030 omnibus
996 2967 1139 3044 laborent,

106 3069 137 3118 et
154 3059 344 3117 ministerium
361 3077 441 3117 suum
460 3059 604 3137 impleant.
642 3058 763 3137 implere
783 3069 877 3117 autem
895 3057 964 3120 illud
983 3077 1014 3117 se
1033 3075 1140 3136 nequa-

107 3164 191 3224 quam
209 3161 296 3223 posse
315 3144 417 3216 sciant,
437 3145 461 3203 si
480 3163 585 3222 greges
600 3143 654 3202 sibi
673 3144 839 3204 commissos
849 3146 877 3220 ⁵)
897 3145 1174 3204 mercenariorumst

105 3249 187 3288 more
206 3228 353 3302 deserant,
371 3239 457 3309 atque
477 3231 569 3291 ovium
583 3249 706 3300 suarum,
726 3250 842 3308 quarum
856 3229 1022 3307 sanguisde
1040 3249 1140 3288 eorum

105 3325 151 3375 est
169 3315 300 3373 manibus
321 3335 489 3395 asupremo
508 3314 603 3376 iudice
625 3315 813 3395 requirendus
823 3315 866 3391 6),
891 3312 1038 3374 custodiae
1051 3315 1140 3372 mini·

106 3420 151 3460 me
170 3400 346 3472 incumbant,
366 3420 449 3481 quum
469 3403 657 3462 certissimum
675 3403 721 3475 sit,
742 3421 798 3462 non
817 3401 927 3462 admitti
945 3400 1070 3479 pastoris
1088 3419 1140 3460 ex·
1247 3447 1252 3454 ,

106 3487 297 3558 cusationem,
315 3487 340 3547 si
358 3487 441 3566 lupus
459 3507 527 3548 oves
546 3487 684 3560 comedit,
708 3499 739 3549 et
755 3499 855 3568 postor
876 3488 978 3547 nescit.
1031 3484 1075 3547 Ac
1094 3487 1140 3544 ni·

105 3571 271 3644 bilorninus,
290 3573 358 3651 quis
375 3574 513 3646 nonnulli,
532 3573 607 3654 quod
625 3576 811 3635 vehementer
828 3572 981 3634 dolendum
1000 3583 1058 3644 est,
1082 3573 1138 3634 boc

96 3669 238 3738 'tempora
261 3657 458 3736 reperiuntur,
487 3661 533 3740 qui
556 3662 691 3741 propriae
715 3662 800 3722 etiam
827 3661 926 3721 salutis
948 3662 1137 3729 immemores,

106 3907 119 3951 Ι
159 3855 292 3902 seravi·
320 3859 669 3925 lte.b.ll,1.Xl.(11eol.)-—
693 3857 1012 3930 zlcf.·sr.gr.l.l).LlX²3
1034 3859 1138 3904 Coelest.

106 3907 907 4020 t))n⁰r²1n⁰1b7b¹-fflbr)nl¹o'adn)1⁶t⁶12⁹&(s‘)⁰bb'sbtl.⁰bt¹bbrlt.o.³³
924 3913 976 3956 ω’
991 3933 1013 3955 ³
1043 3913 1095 3955 ’π’
1113 3933 1140 3944 ”
