2652 4330
191 221 247 278 ὅθ
353 227 496 281 sessio
516 226 568 282 Xl.
594 226 650 282 ltu
669 225 943 294 RESUMENDO.
961 225 1078 282 CONC.

194 383 249 443 quo
268 379 343 420 nuno
360 362 513 439 reperitur,
532 371 608 419 statu
626 360 824 421 resumendum
839 374 869 422 et
881 362 1120 443 prosequendum,
1139 383 1227 443 prae-

193 450 240 506 via
263 456 372 505 matura
395 443 604 506 deliberatione
627 457 658 505 et
684 465 721 505 ex
744 456 824 506 corta
847 459 946 506 nostra
968 449 1106 519 scientia,
1135 449 1229 510 etde

192 533 371 612 apostolicae
398 533 578 590 auctoritatis
605 531 781 611 plenitudine
808 551 842 593 ac
870 532 1075 592 venerabilium
1102 533 1226 594 fratrum

193 628 356 677 nostrorum
376 629 493 676 sanctae
512 617 656 676 Romanae
676 618 819 676 ecclcsiae
840 617 1028 677 cardinalium
1051 619 1174 679 consilio
1198 631 1232 680 et
1317 686 1318 689 Ἴ

192 723 310 764 assensu
328 705 475 761 statuimus
494 713 523 760 et
542 701 734 774 declaramus,
754 703 782 761 in
801 703 863 780 ipsa
886 703 1003 763 civitate
1020 702 1167 776 Tridenti,
1186 706 1231 765 lc-

191 791 293 868 gitimo
314 797 445 846 cessante
464 785 677 863 impedimento,
699 789 855 846 convenire
879 798 957 848 etse
977 807 1174 868 congregare,
1192 811 1232 850 ac

191 875 280 953 ipsius
300 873 417 932 concilii
440 872 648 929 continuationi
671 880 702 930 et
722 874 921 949 prosecutioni
943 875 1020 932 omni
1044 893 1124 934 mora
1146 887 1233 954 post·

191 961 286 1038 posita
304 956 470 1015 incumbere
489 955 588 1014 velint.
625 953 688 1013 Nos
707 957 782 1014 enim
802 975 919 1034 operam
937 957 1038 1018 sedulo
1061 957 1156 1020 daturi
1180 981 1233 1020 su-

191 1065 262 1114 mus,
281 1052 313 1101 ut
330 1040 431 1101 eodem
456 1051 585 1117 tempore
605 1041 634 1098 in
656 1038 757 1099 eadem
782 1043 898 1101 civitate
922 1045 1013 1103 nostri
1037 1047 1151 1105 omnino
1176 1045 1234 1106 ad·
1319 1079 1320 1114 1

190 1131 249 1189 sint
266 1128 365 1204 legati,
385 1145 439 1203 per
457 1144 541 1202 quos,
561 1126 585 1183 si
603 1143 657 1204 per
680 1137 805 1185 aetatem
828 1138 953 1187 nostram
976 1128 1232 1210 valetudinemque

190 1225 221 1274 ct
238 1212 315 1272 sedis
332 1210 511 1291 apostolicae
534 1213 723 1271 necessitates
745 1214 940 1290 personaliter
960 1213 1063 1275 adesse
1086 1218 1229 1296 nequive-

152 1363 162 1372 ‚
189 1301 290 1369 sinsus,
319 1296 429 1376 Spiritu
445 1307 548 1355 sancto
572 1294 645 1355 duce
669 1298 723 1375 ipsi
742 1299 867 1357 concilio
885 1298 1124 1377 praesidebimus;
1154 1322 1229 1382 qua-

189 1404 302 1462 cunque
330 1383 419 1460 ipsius
443 1382 560 1441 concilii
582 1382 769 1443 translatione
793 1393 824 1443 et
845 1387 1032 1463 suspensione
1061 1390 1228 1466 ceterisque

189 1469 346 1530 contrariis
368 1486 425 1525 uon
449 1467 627 1526 obstantibus
651 1469 878 1548 quibuscunque,
906 1489 941 1529 ac
963 1474 1133 1550 praesertim
1157 1474 1228 1544 illis,

191 1577 265 1638 quae
284 1554 360 1615 idern
377 1552 588 1633 praedecessor
606 1564 706 1612 noster
723 1554 751 1611 in
770 1556 827 1613 suis
847 1555 937 1614 literis
959 1556 1130 1635 praedictis,
1154 1578 1230 1636 quas

193 1663 256 1702 cum
275 1641 405 1700 omnibus
424 1631 454 1698 et
471 1639 590 1716 singulis
609 1641 637 1697 in
656 1641 699 1698 eis
723 1641 865 1699 contentis
889 1642 1023 1701 clausulis
1046 1653 1077 1700 et
1098 1642 1228 1702 decretis

190 1731 219 1788 in
238 1747 290 1788 suo
309 1726 416 1787 robore
437 1743 606 1804 permanere
625 1724 753 1784 volumus
771 1736 856 1804 atque
880 1725 1074 1797 decernimus,
1094 1739 1132 1798 et,
1156 1748 1228 1807 qua·

188 1825 272 1874 tenus
290 1833 361 1893 opus
379 1813 433 1881 sit,
461 1812 635 1882 innovamus,
655 1810 746 1869 voluit
762 1830 820 1869 non
839 1812 968 1886 obstarc;
988 1815 1097 1872 irritum
1121 1813 1227 1872 nibilo-

188 1901 280 1959 minus
304 1898 495 1959 decernentes
529 1906 560 1956 et
585 1898 684 1967 inane,
721 1897 745 1955 si
768 1916 851 1956 secus
869 1917 956 1976 super
978 1897 1022 1956 bis
1045 1919 1061 1956 a
1085 1918 1226 1977 quoquam

189 1987 288 2065 quavis
306 1985 494 2054 auctoritate,
522 1983 651 2041 scienter
671 1982 718 2041 vel
741 1983 923 2060 ignoranter,
953 1985 1109 2062 contigerit
1131 1994 1228 2044 atten-
1316 1987 1317 2010 ³

189 2075 254 2130 tari.
290 2069 371 2129 Nulli
393 2089 464 2148 ergo
492 2069 607 2125 omnino
634 2067 777 2126 bominum
806 2067 894 2126 liceat
921 2067 994 2128 banc
1017 2071 1149 2148 paginam
1173 2089 1227 2129 no·
1320 2105 1322 2136 3

189 2167 312 2216 strorum
331 2154 514 2222 hortationis,
534 2152 739 2229 requisitionis,
758 2153 933 2224 monitionis,
953 2155 1066 2226 statuti,
1091 2154 1225 2215 declara·
1314 2191 1323 2235 ,3

189 2242 291 2312 tionis,
319 2238 525 2306 innovationis,
553 2235 708 2294 voluntatis
727 2247 757 2295 ct
775 2235 958 2297 decretorum
980 2240 1153 2318 infringere,
1177 2243 1224 2300 vel
1322 2277 1323 2294 ι

189 2328 219 2386 ei
241 2346 310 2385 ausu
338 2324 494 2383 temerario
524 2323 680 2380 contraire.
727 2320 758 2380 Si
787 2324 849 2402 quis
875 2325 1053 2388 autemboc
1080 2335 1225 2386 attentare
1318 2345 1319 2361 ²

161 2426 167 2437 “
189 2410 426 2491 praesumpserit,
454 2405 680 2484 indignationem
705 2409 906 2488 omnipotentis
925 2409 994 2481 Dei,
1022 2430 1056 2469 ac
1076 2411 1226 2472 beatorum

188 2497 268 2555 Petri
286 2505 317 2553 et
334 2493 415 2552 Pauli
428 2490 633 2570 Apostolorum
652 2493 713 2551 eius
732 2512 763 2552 se
783 2495 895 2552 noverit
913 2496 1099 2556 incursurum.
1120 2496 1224 2557 Datum
1318 2567 1319 2574 ἵ

188 2580 296 2640 Romae
324 2577 399 2658 apud
422 2587 550 2636 sanctum
577 2576 692 2637 Petrum
719 2597 794 2636 anno
823 2579 1031 2640 incarnationis
1059 2580 1223 2643 dominicae

188 2685 257 2724 nnn.
275 2684 355 2722 xvun
375 2661 521 2722 Kalendas
539 2661 709 2722 Decembris
727 2663 914 2724 Pontificatus
936 2668 1027 2725 nostri
1046 2687 1120 2726 anuo
1140 2668 1163 2727 1.

659 2763 699 2824 Μ.
720 2765 891 2826 Cnnnrnsnrs
911 2767 1050 2828 Gnnsenm

843 2867 926 2928 Roas.
945 2869 1135 2931 Amasenus.

604 2996 815 3007 -n-——u-

573 3134 755 3184 ΙΕΙΙΙΟ
781 3134 838 3184 xl.

153 3231 597 3310 nGONGILII
658 3229 1227 3330 rennuentes,

536 3358 635 3410 nubit
657 3359 729 3404 Est
751 3359 868 3404 t’tttrds

316 3448 417 3514 sun
453 3446 612 3515 tutto
649 3447 706 3511 111.
742 3447 903 3512 rous.
938 3447 1090 3528 max„

367 3564 591 3610 CELEBRATA
617 3562 807 3609 KALENDIS
834 3564 921 3610 cusu
938 3565 1040 3610 tenu.

274 3679 513 3729 DECRE'PUM
540 3679 592 3724 tte
618 3679 887 3725 RESUMENDO
916 3675 1132 3726 coacuit).

275 3780 411 3840 Placetne
429 3775 521 3847 vobis,
540 3775 578 3835 ad
601 3775 713 3838 laudem
736 3787 767 3836 ot
784 3777 906 3854 gloriam
923 3786 1041 3837 sanctae
1064 3787 1096 3838 et
1117 3775 1225 3837 indivi-

189 3865 262 3925 duae
280 3864 443 3934 Trinitatis,
472 3861 578 3934 Patris,
606 3873 636 3922 ct
654 3863 718 3923 Filii
741 3872 772 3921 et
790 3859 914 3940 Spiritus
936 3864 1042 3936 sancti,
1069 3860 1107 3921 ad
1124 3863 1224 3922 incre-
