2654 4334
301 282 488 344 nnuman.
510 287 664 370 annon.
680 289 819 391 namu.
843 291 932 347 auc.
1043 291 1120 354 aas

94 424 257 494 sacerdotis
275 429 365 489 solum
384 428 480 490 reat'ds
502 431 622 491 tollitur.
661 435 717 497 69.
742 432 861 506 Quando
885 454 937 513 per
959 433 1120 518 eleemosy-

94 517 281 596 ansulisque
306 519 501 595 poenitentiae
525 536 614 597 opera
637 517 699 578 lieo
723 518 912 596 satisfacimus
939 538 991 600 pro
1018 522 1119 601 poenis

93 601 313 682 temporalibus,
338 621 393 661 noa
418 600 531 679 dignuin
554 603 675 681 pretium
701 603 762 664 lleo
785 607 988 683 propeccatis
1014 607 1120 666 nostris

93 689 255 757 alissimus,
277 687 353 746 sicut
370 686 483 766 qnidam
501 698 632 748 errantes
645 699 796 748 'nommant
815 696 889 762 (narn
912 691 1018 770 alioqui
1042 709 1120 752 esse·
1165 696 1172 712 ¹

92 793 165 844 mus,
184 773 285 831 saltem
300 774 394 851 aliqua
407 792 444 832 ex
459 783 549 849 parte,
563 773 785 853 redemptores),
804 773 856 834 sed
870 774 976 854 aliquid
991 778 1119 850 iacimus,

91 860 175 918 onius
194 858 295 916 intuitu
311 857 418 917 Christi
436 859 595 917 satisfactio
614 859 695 918 nobis
713 861 873 940 applicatur
886 870 916 921 et
930 863 1121 922 communica·

91 956 149 1003 tur.
197 948 248 1007 60.
277 941 333 1002 Per
354 944 501 1022 passiones
523 954 686 1004 muctormn
709 946 737 1003 in
759 943 1121 1023 indulgentiisfcommmt-
1202 943 1204 952 '

91 1040 175 1089 catas
195 1047 252 1087 non
270 1029 387 1108 proprie
405 1026 582 1088 redimuntur
598 1039 697 1090 nostra
715 1028 836 1103 delicta,
855 1029 905 1090 sed
924 1050 978 1111 per
995 1052 1121 1092 eommu-

92 1118 210 1173 niouem
230 1114 359 1172 caritatis
377 1113 459 1172 nobis
477 1132 575 1173 eornm
596 1118 744 1193 passiones
761 1118 974 1196 impartiuntur,
992 1128 1024 1176 nt
1042 1115 1121 1196 digni

91 1202 181 1259 simus
201 1200 247 1277 qui
265 1201 359 1278 pretio
378 1200 522 1276 sanguinis
541 1198 646 1259 Christi
665 1221 682 1258 a
701 1203 802 1278 poenis
819 1221 871 1279 pro
889 1205 1018 1280 peccatis
1040 1201 1122 1262 debi-

92 1288 129 1345 tis
164 1284 329 1343 liberemur.
374 1289 425 1348 et.
453 1283 505 1342 llla
536 1283 686 1344 doctorum
713 1284 874 1357 distinctio,
905 1285 1022 1346 divinae
1049 1288 1122 1366 legis

94 1368 231 1429 mandata
253 1370 384 1428 bilariam
407 1370 533 1447 impleri,
561 1370 653 1429 altero
677 1368 762 1430 modo
784 1381 916 1450 quantum
940 1371 977 1431 ad
1000 1391 1121 1451 praeee-

93 1467 210 1536 ptorum
230 1473 347 1534 operum
366 1455 549 1514 substantiam
568 1465 685 1524 tantum,
704 1457 796 1516 altero
816 1468 948 1536 quantum
963 1456 1000 1518 ad
1014 1467 1122 1518 certum

94 1539 237 1621 quenulam
256 1538 378 1611 modurn,
397 1538 543 1611 videlicet,
563 1541 716 1600 seeundum
733 1559 815 1621 mem
828 1543 943 1602 valeant
956 1552 1121 1620 operantem

90 1625 258 1706 perducere
281 1624 318 1684 ad
333 1644 460 1704 regnum
482 1636 629 1684 aeternum
654 1627 722 1700 (hoc
745 1625 847 1685 estad
870 1625 981 1686 modum
1005 1629 1123 1688 merito-

94 1717 188 1785 rum),
212 1712 405 1770 commentitia
424 1721 469 1770 est
491 1722 521 1770 et
542 1710 733 1790 explodenda.
780 1713 830 1774 et.
855 1711 906 1770 llla
930 1731 1041 1792 quoque
1064 1713 1123 1772 dis-

93 1798 212 1868 tinctio,
232 1813 287 1875 qua
305 1815 376 1875 opus
395 1794 500 1855 dicitnr
516 1797 646 1854 bilariam
665 1796 779 1866 bouum,
798 1796 844 1855 vel
866 1799 933 1875 quia
950 1817 988 1856 ex
1006 1799 1121 1858 obiecto

94 1893 125 1942 et
144 1882 273 1941 omnibus
296 1882 515 1940 circumstantiis
538 1891 647 1940 rectum
670 1891 715 1940 est
736 1881 840 1940 bonum
864 1881 953 1961 (quod
976 1884 1125 1942 moraliter

95 1968 202 2027 bonum
221 1967 367 2046 appellare
387 1971 619 2040 consueverunt),
638 1967 683 2024 v'el
703 1969 768 2045 qnia
786 1963 831 2026 est
848 1968 1024 2026 meritorium
1039 1969 1123 2045 regni

94 2054 209 2113 aeterni
228 2072 274 2124 eo,
293 2050 368 2131 quod
388 2054 425 2114 sit
443 2071 460 2110 a
477 2053 541 2112 vivo
561 2050 667 2110 Christi
686 2051 812 2110 membro
831 2071 884 2130 per
900 2053 1029 2129 spiritum
1046 2054 1124 2112 'cari-

93 2141 177 2211 tatis,
197 2136 355 2197 reiicienda
374 2147 427 2196 est.
473 2141 523 2200 63.
548 2135 606 2196 Sed
626 2147 656 2195 et
673 2137 721 2195 illa
740 2135 885 2196 distinctio
905 2136 1026 2216 duplicis
1044 2139 1125 2197 iusti·

93 2228 164 2296 tiae,
184 2225 310 2294 alterius,
330 2241 402 2302 quae
423 2223 454 2280 lit
467 2241 520 2302 per
533 2223 661 2301 spiritum
677 2224 805 2282 caritatis
818 2223 1038 2296 inhabitantem,
1051 2224 1125 2283 alte·

93 2313 170 2381 rins,
195 2329 267 2388 qnae
290 2309 322 2367 dt
344 2327 381 2367 ex
403 2310 590 2385 inspiratione
614 2307 727 2386 quidem
746 2305 868 2388 Spiritus
887 2309 993 2380 saneti,
1018 2308 1071 2368 cor
1087 2308 1139 2378 ad,

93 2396 301 2476 poenitentium
321 2395 486 2461 excitantis,
511 2391 561 2452 sed
581 2391 701 2452 noudum
722 2413 774 2452 cor
791 2393 974 2453 inhabitantis
992 2405 1023 2453 et
1039 2396 1069 2453 in
1087 2413 1123 2453 eo

91 2483 246 2541 ¹caritatem
266 2477 463 2550 diffundentis,
483 2496 537 2558 qna
556 2477 670 2538 divinae
689 2479 762 2557 legis
779 2480 945 2539 iustihcatio
963 2480 1122 2558 impleatur,

30 2623 32 2630 ,
93 2567 228 2626 similiter
249 2565 388 2624 relicitur.
435 2566 485 2626 et.
514 2563 585 2625 Item
609 2564 709 2624 stilla
731 2564 878 2624 distinctio
905 2563 1026 2644 duplicis
1054 2563 1157 2625 viii-2

94 2651 255 2722 beatioris,
274 2650 406 2721 alterius,
427 2668 481 2728 qua
498 2649 659 2708 vivificatur
675 2660 824 2730 peccator,
844 2649 908 2708 dum
928 2651 955 2709 ei
973 2652 1124 2730 poeniten-

93 2739 136 2796 tia
159 2747 190 2796 et
211 2738 287 2795 vitae
310 2753 401 2794 novae
424 2736 600 2814 propositum
625 2744 656 2818 et
677 2735 823 2794 inchoatio
847 2753 900 2813 per
922 2734 976 2794 llei
1003 2738 1123 2814 gratiam
1190 2793 1193 2808 ,

93 2823 266 2901 inspiratum
294 2821 425 2891 alterius,
454 2839 508 2899 qua
530 2815 691 2878 uiuificatnr
712 2821 760 2897 qui
786 2837 855 2878 vere
882 2819 1067 2890 iustihcatur,
1094 2830 1125 2880 et

94 2909 204 2987 palmes
227 2909 256 2966 in
277 2907 336 2966 uite
360 2905 474 2964 Christo
502 2905 639 2975 efficitur,
670 2906 777 2982 pariter
804 2904 997 2962 commentitia
1023 2915 1068 2964 est
1094 2914 1125 2964 et
1180 2973 1189 2992 „

95 2994 247 3071 scriptoris
264 2993 377 3051 minime
398 3009 569 3068 congruens.
615 2995 665 3056 65.
690 2989 755 3048 Νοιι
775 2990 828 3047 nisi
848 2987 1003 3066 Pelagiano
1023 3007 1123 3048 errore

94 3076 208 3138 admitti
226 3088 322 3157 potest
339 3097 405 3136 usus
423 3077 523 3155 aliquis
538 3076 621 3135 liberi
635 3075 745 3134 arbitrii
760 3073 859 3145 bonus,
875 3075 934 3134 sive
948 3091 1005 3132 non
1020 3075 1123 3147 malus,

94 3175 126 3224 et
159 3165 270 3241 gratiae
298 3161 404 3221 Christi
435 3163 564 3220 iniuriam
596 3162 668 3221 lacit
699 3163 745 3240 qui
776 3161 817 3218 ita
848 3159 935 3219 sentit
966 3170 997 3219 et
1026 3157 1122 3220 docet.

92 3253 146 3315 66.
199 3247 268 3307 Sola
307 3248 444 3306 violentia
484 3257 625 3324 repugnat
664 3246 797 3305 libertati*
830 3245 951 3304 hominis
991 3245 1122 3304 naturali.
1137 3247 1208 3300 sct'

94 3341 146 3400 67.
176 3333 268 3397 Homo
287 3343 390 3412 peccat
408 3335 492 3391 etiam
512 3329 712 3391 damnabiliter
734 3333 761 3391 in
785 3349 835 3403 eo,
859 3328 934 3410 quod
958 3332 1124 3389 necessario

93 3422 177 3479 facit.
225 3423 275 3482 68.
300 3416 455 3477 lnlidelitas
473 3436 543 3496 pure
563 3419 695 3498 negativa
714 3419 742 3477 in
761 3417 813 3488 his,
833 3419 861 3476 in
879 3416 979 3495 quibus
994 3415 1123 3474 Christus

93 3523 152 3564 non
176 3514 220 3563 est
238 3502 434 3583 praedicatus,
458 3513 605 3582 peceatum
630 3513 683 3564 est.
728 3507 778 3568 69.
803 3503 969 3563 lustilicatio
992 3501 1070 3582 impii
1093 3502 1125 3561 lit

93 3591 257 3650 formaliter
282 3608 336 3669 per
362 3586 555 3648 obedientiam
582 3587 669 3665 legis,
698 3607 755 3646 non
782 3599 874 3647 autem
903 3607 956 3666 per
982 3589 1123 3648 occultam

93 3676 383 3736 communicationem
402 3682 433 3733 et
449 3673 664 3753 inspirationem
683 3673 804 3752 gratiae,
825 3692 896 3753 quae
919 3693 975 3754 per
995 3693 1058 3735 eam
1081 3674 1125 3732 iu·

92 3761 237 3821 stificatos
250 3760 339 3820 faciat
352 3759 471 3838 implere
486 3761 589 3838 legem.
635 3766 685 3824 70.
705 3757 796 3818 llomo
812 3760 952 3820 exsistens
961 3759 990 3819 in
1000 3769 1122 3840 peccato

93 3846 222 3919 mortali,
251 3847 363 3908 sivein
389 3855 471 3906 reatu
497 3857 635 3906 aeternae
662 3843 865 3916 damnationis,
893 3855 990 3924 potest
1015 3844 1123 3906 habere

90 3951 191 3992 veram
211 3934 376 4004 caritatem,
400 3941 430 3992 et
452 3933 558 3993 duritas
581 3933 667 3994 etiam
690 3931 821 4012 perfecta
843 3940 940 4010 potest
963 3929 1123 4005 consistere
