2652 4330
207 256 383 314 ansero
403 255 480 313 ruva
513 258 574 312 ne
601 257 947 316 rueretrueret
1043 257 1095 326 ‚tt

75 399 259 477 colligitur¹),
279 409 416 478 oportere
434 418 451 458 a
468 398 682 479 poenitentiltne
699 400 795 460 cmuix
811 409 935 478 peccam
952 400 1095 470 mortalia,

77 503 183 562 puerunt
201 493 268 564 punt
284 483 453 562 diligentem
470 487 514 546 sui
532 484 738 545 discutionem
753 486 960 546 comcientiam
978 483 1095 557 habeut,

77 571 101 628 in
125 570 302 630 confessione
328 573 493 642 recenseri,
525 572 637 630 etiamsi
665 571 860 630 occultissime
885 570 936 632 illa
962 572 1033 642 sint,
1066 581 1097 632 et

77 665 170 714 tartum
195 654 333 715 adversus
356 653 414 715 dec
435 658 535 716 ultima
558 654 693 734 decalogi
715 656 873 736 praecepta
896 657 1096 731 commisse2),

74 759 139 819 quac
156 757 354 822 nonnunqum
375 742 499 801 animum
522 742 637 820 grunius
660 743 805 814 sanciant,
833 752 864 800 et
885 741 1097 820 periculosiora

75 837 131 885 runt
146 827 190 898 iis,
208 845 281 906 quae
299 829 330 886 ix
347 826 500 887 manifesto
518 826 714 887 admittuntur.
750 825 823 888 Nem
841 827 1015 902 veniatiat),
1034 828 1097 906 qui·

76 911 120 970 los
135 933 151 972 a
167 913 263 991 gratia
281 911 337 973 liei
354 931 413 972 non
431 911 621 985 excludimur,
640 923 671 973 et
687 914 717 972 in
735 928 809 992 quoe
826 912 1005 992 frequentius
1024 912 1097 974 lelri·

73 1017 136 1070 mnr,
155 1016 311 1079 quenquam
329 1009 411 1058 recte
429 1007 461 1058 et
478 999 588 1059 utiliter
606 999 737 1078 citroque
756 1017 867 1058 omnem
886 999 1097 1078 praesumptio·

76 1101 130 1142 nen
146 1086 174 1142 in
192 1085 377 1144 confessione
396 1082 544 1156 dicentur,
569 1082 644 1163 quod
662 1085 774 1163 piorum
792 1083 935 1144 luminum
958 1103 1025 1146 usus
1043 1082 1096 1144 de-

72 1180 213 1232 monstrat:
241 1171 449 1256 fflfflil
469 1173 543 1230 citra
550 1170 689 1271 Q
706 1169 858 1249 multisque
876 1170 942 1232 aliis
959 1170 1096 1230 remediis
1111 1173 1119 1270 p

77 1257 173 1333 expleri
198 1266 327 1335 possunt.
372 1245 620 1336 Veffi'mssij‘uum
639 1255 772 1316 universa
801 1255 936 1315 mortalia
962 1267 1094 1335 peccata,

72 1341 150 1398 etiam
167 1342 365 1420 cogitationis,
383 1341 514 1401 homines
533 1343 595 1401 irae
613 1341 727 1416 micet)
747 1351 777 1400 ct
799 1339 855 1400 Dei
877 1341 1010 1402 inimicus
1028 1341 1095 1402 red·

77 1423 143 1497 dant,
160 1445 309 1487 necessum
326 1437 383 1498 est,
403 1428 526 1486 emnium
544 1429 631 1488 etiam
648 1427 762 1486 veniam
782 1445 846 1486 curn
867 1437 971 1506 aperta
993 1438 1024 1488 et
1044 1447 1095 1488 ve-

77 1509 189 1570 recunda
216 1513 401 1572 coniectione
430 1531 447 1572 e
474 1511 537 1573 lieo
565 1531 716 1592 quaerere.
769 1511 870 1590 ltaque
897 1511 962 1572 dum
990 1515 1094 1585 emnia,

79 1615 139 1673 quoe
164 1599 319 1658 memoriae
347 1609 522 1670 occurrunt,
546 1609 670 1679 peccata
697 1597 806 1657 Christi
834 1596 934 1657 lideles
961 1599 1094 1658 confiteri

78 1680 184 1755 student,
202 1685 307 1764 procul
325 1683 413 1743 dubio
432 1685 527 1744 omnic
546 1683 660 1746 divinae
678 1681 897 1744 misericordiae
915 1683 1094 1762 ignoscenda

79 1777 216 1846 exponunt
253 1769 309 1844 Qui
326 1787 397 1829 vero
416 1789 501 1830 secus
518 1770 638 1842 faciunt,
656 1781 689 1829 et
700 1771 828 1830 scienter
845 1771 939 1849 eliqua
956 1771 1093 1842 retinent,

79 1854 135 1911 nilil
152 1853 264 1918 divinoe
281 1855 405 1915 bonitati
422 1875 477 1935 per
494 1854 677 1916 sacerdotem
695 1851 897 1915 remittendum
920 1865 1092 1935 proponunt.

79 1935 104 1996 si
123 1942 191 2001 enim
207 1941 374 2002 xerulrcscat
399 1953 538 2022 aegrotus
562 1941 665 2002 vulnus
691 1939 805 2000 medico
833 1937 989 2018 detegere,
1017 1939 1094 2018 quod

78 2024 176 2101 ignorat
192 2027 338 2089 medicine
360 2047 418 2088 nen
442 2037 533 2089 curat
571 2027 726 2106 Colligitur
742 2035 910 2106 praeterea,
934 2027 1021 2086 ctiam
1044 2045 1094 2086 eas

79 2112 291 2174 circumstantias
313 2116 342 2174 in
361 2113 544 2175 confessione
564 2111 751 2194 explicandae
772 2130 852 2184 esse,
876 2131 949 2192 quac
967 2113 1097 2191 speciem·
1142 2149 1147 2158 ·

78 2201 175 2272 peccati
192 2211 311 2272 mutent,
330 2198 407 2280 qnod
425 2201 487 2266 sine
505 2201 562 2261 illis
580 2209 703 2280 peccata
720 2200 782 2278 ipra
795 2217 889 2277 nequis
908 2217 925 2257 a
942 2198 1094 2277 poeniten-

79 2282 140 2344 tilns
155 2287 269 2366 integre
291 2295 487 2366 exponentur,
513 2303 569 2346 uec
592 2283 735 2346 iudicibus
756 2285 953 2355 innotescant,
976 2293 1008 2342 et
1029 2284 1093 2344 lieri
1103 2294 1143 2336 1¹⁰

79 2381 199 2448 nequem,
224 2382 258 2431 nt
281 2371 318 2432 de
341 2372 484 2450 gravitate
508 2372 655 2433 eriminum
673 2381 756 2430 recte
775 2387 899 2430 censere
913 2370 1039 2450 possint,
1063 2377 1094 2428 ct

66 2470 192 2530 ,poenam
211 2474 294 2538 quam
313 2468 440 2538 oportet,
458 2476 512 2537 pro
530 2458 587 2518 illis
605 2453 819 2537 poenitentibus
832 2457 991 2536 imponere.
1011 2451 1109 2514 Unde·

80 2539 184 2601 alienum
206 2564 223 2603 a
244 2545 359 2604 ratione
382 2555 428 2603 est
446 2542 568 2615 docere,
593 2543 821 2603 circumstantias
843 2541 895 2601 has
917 2541 954 2600 ab
972 2541 1094 2600 hordui-

79 2623 122 2684 lus
137 2630 231 2690 otiosis
250 2630 433 2708 excogitatus
450 2629 549 2702 luisse,
568 2639 618 2688 aut
631 2648 714 2688 unam
728 2637 837 2688 tanturn
851 2627 1092 2687 circumstantiam

81 2711 253 2794 confitendam
272 2735 346 2788 esse,
366 2733 469 2795 nempe
486 2733 626 2796 peccasse
643 2715 673 2774 in
690 2714 819 2774 fratrem.
852 2710 911 2773 Sed
930 2721 962 2772 et
978 2713 1094 2790 impium

81 2807 124 2868 est,
140 2802 356 2874 confessionem,
376 2820 448 2882 quae
467 2800 521 2860 hac
539 2803 653 2862 ratione
672 2797 736 2860 lieri
758 2799 944 2880 praecipitur,
963 2798 1094 2878 impossi-

81 2877 151 2942 lilem
168 2884 276 2961 dicere,
294 2897 347 2948 aut
362 2885 557 2947 carnificinam
574 2886 652 2946 illam
671 2885 912 2944 conscientiarum
931 2882 1093 2961 appellare,

82 2979 179 3031 count
200 2975 290 3045 enim,
317 2972 387 3032 nihil
410 2972 487 3033 aliud
514 2974 543 3032 in
571 2971 698 3032 ecclesia
723 2989 741 3028 a
763 2968 978 3050 poenitentibus
1005 2965 1093 3044 exigi,

81 3070 149 3128 quum
166 3069 210 3132 ut,
235 3069 385 3140 postquam
404 3060 522 3138 quisque
540 3056 705 3136 diligentius
723 3073 754 3114 se
774 3054 948 3124 excusserit,
976 3062 1006 3111 et
1025 3070 1095 3111 oon·
1212 3109 1213 3113 ,

82 3138 203 3202 scientiae
219 3163 289 3207 suec
307 3146 385 3204 sinus
403 3163 501 3203 omnes
515 3154 546 3203 et
559 3142 685 3202 latebras
700 3136 904 3220 exploraverit,
923 3156 958 3197 ea
971 3147 1095 3216 peccata

84 3225 246 3304 contuntur,
260 3231 361 3310 quibrm
376 3250 408 3291 se
424 3227 574 3289 Dominum
589 3239 620 3288 et
634 3225 724 3287 Deum
739 3246 819 3286 suum
834 3224 995 3283 mortaliter
1003 3223 1095 3282 olien-

84 3305 146 3372 disse
155 3317 447 3396 meminer1t3reliqua
458 3324 552 3376 eutem
563 3324 695 3395 peccata,
706 3332 778 3393 quae
789 3307 945 3390 diligenter
954 3308 1095 3387 cogitanti

83 3409 129 3452 non
149 3414 312 3476 occurrent,
340 3403 370 3462 in
387 3403 549 3462 universum
568 3397 669 3460 eadem
692 3398 874 3460 confessione
897 3394 1007 3454 inclusa
1030 3412 1094 3452 esse
1126 3438 1132 3449 x

84 3475 275 3564 intelliguntur,
301 3509 356 3570 pro
384 3487 484 3568 quibus
512 3486 639 3547 fideliter
662 3505 725 3546 cunr
747 3482 892 3564 Propheta
919 3477 1094 3552 dicimus⁸)=

83 3565 124 3623 Ab
140 3575 257 3634 occultas
273 3577 345 3636 meet
366 3574 473 3634 mundo
490 3593 549 3646 me,
576 3573 710 3634 Domine.
754 3568 820 3650 lpsa
841 3586 912 3628 vero
935 3562 1096 3625 huiusmodi

85 3653 256 3720 confessionis
273 3659 424 3720 difficultas
442 3679 476 3720 ac
495 3670 616 3741 peccata
634 3651 791 3739 detegendi
806 3649 983 3716 verecundia
1000 3649 1096 3730 gravia

89 3775 280 3799 *Q*-

87 3831 1096 3990 ppfiptpdt.1’{settintilensis&letitie-”titt
