<?xml version="1.0" encoding="UTF-8"?>
<!DOCTYPE html PUBLIC "-//W3C//DTD XHTML 1.0 Transitional//EN"
    "http://www.w3.org/TR/xhtml1/DTD/xhtml1-transitional.dtd">
<html xmlns="http://www.w3.org/1999/xhtml" xml:lang="en" lang="en">
 <head>
  <title>
</title>
<meta http-equiv="Content-Type" content="text/html;charset=utf-8" />
  <meta name='ocr-system' content='tesseract 3.04.00' />
  <meta name='ocr-capabilities' content='ocr_page ocr_carea ocr_par ocr_line ocrx_word'/>
</head>
<body>
  <div class='ocr_page' id='page_1' title='image "./canonesetdecret00stergoog_0302.png"; bbox 0 0 2648 4336; ppageno 0'>
   <div class='ocr_carea' id='block_1_1' title="bbox 321 241 1128 338">
    <p class='ocr_par' dir='ltr' id='par_1_1' title="bbox 321 241 1128 338">
     <span class='ocr_line' id='line_1_1' title="bbox 321 241 1128 338; baseline 0.025 -19"><span class='ocrx_word' id='word_1_1' title='bbox 321 265 448 321; x_wconf 73' lang='lat' dir='ltr'><strong>numu.</strong></span> <span class='ocrx_word' id='word_1_2' title='bbox 467 265 616 322; x_wconf 79' lang='lat' dir='ltr'><strong>nuncu.</strong></span> <span class='ocrx_word' id='word_1_3' title='bbox 633 267 774 326; x_wconf 75' lang='lat' dir='ltr'><strong>rosen.</strong></span> <span class='ocrx_word' id='word_1_4' title='bbox 794 272 941 336; x_wconf 80' lang='lat' dir='ltr'><strong>ceusu.</strong></span> <span class='ocrx_word' id='word_1_5' title='bbox 1050 241 1128 338; x_wconf 75' lang='lat' dir='ltr'><strong>sss</strong></span> 
     </span>
    </p>
   </div>
   <div class='ocr_carea' id='block_1_2' title="bbox 54 404 1241 3897">
    <p class='ocr_par' dir='ltr' id='par_1_2' title="bbox 103 404 1176 828">
     <span class='ocr_line' id='line_1_2' title="bbox 103 404 1126 498; baseline 0.012 -31"><span class='ocrx_word' id='word_1_6' title='bbox 103 411 180 470; x_wconf 89' lang='lat'><strong>101.</strong></span> <span class='ocrx_word' id='word_1_7' title='bbox 203 404 283 464; x_wconf 87' lang='lat' dir='ltr'><strong>Nihil</strong></span> <span class='ocrx_word' id='word_1_8' title='bbox 301 407 411 485; x_wconf 91' lang='lat' dir='ltr'><strong>spiritui</strong></span> <span class='ocrx_word' id='word_1_9' title='bbox 430 406 483 467; x_wconf 88' lang='lat' dir='ltr'><strong>Dei</strong></span> <span class='ocrx_word' id='word_1_10' title='bbox 502 419 532 468; x_wconf 90' lang='lat' dir='ltr'><strong>et</strong></span> <span class='ocrx_word' id='word_1_11' title='bbox 550 407 698 469; x_wconf 86' lang='lat' dir='ltr'><strong>doctrinae</strong></span> <span class='ocrx_word' id='word_1_12' title='bbox 718 409 781 470; x_wconf 89' lang='lat' dir='ltr'><strong>lesu</strong></span> <span class='ocrx_word' id='word_1_13' title='bbox 800 411 905 472; x_wconf 88' lang='lat' dir='ltr'><strong>Christi</strong></span> <span class='ocrx_word' id='word_1_14' title='bbox 924 415 1013 494; x_wconf 79' lang='lat' dir='ltr'><strong>magis</strong></span> <span class='ocrx_word' id='word_1_15' title='bbox 1036 439 1126 498; x_wconf 84' lang='lat' dir='ltr'><strong>eppo·</strong></span> 
     </span>
     <span class='ocr_line' id='line_1_3' title="bbox 148 492 1176 582; baseline 0.012 -34"><span class='ocrx_word' id='word_1_16' title='bbox 148 492 240 568; x_wconf 90' lang='lat' dir='ltr'><strong>nitur,</strong></span> <span class='ocrx_word' id='word_1_17' title='bbox 265 511 346 570; x_wconf 91' lang='lat' dir='ltr'><strong>qnam</strong></span> <span class='ocrx_word' id='word_1_18' title='bbox 370 495 528 553; x_wconf 90' lang='lat' dir='ltr'><strong>communia</strong></span> <span class='ocrx_word' id='word_1_19' title='bbox 550 494 649 553; x_wconf 85' lang='lat' dir='ltr'><strong>lacere</strong></span> <span class='ocrx_word' id='word_1_20' title='bbox 672 497 830 555; x_wconf 85' lang='lat' dir='ltr'><strong>iuramenta</strong></span> <span class='ocrx_word' id='word_1_21' title='bbox 847 500 875 556; x_wconf 92' lang='lat' dir='ltr'><strong>in</strong></span> <span class='ocrx_word' id='word_1_22' title='bbox 896 502 1035 574; x_wconf 87' lang='lat' dir='ltr'><strong>ecclesia,</strong></span> <span class='ocrx_word' id='word_1_23' title='bbox 1059 506 1124 582; x_wconf 89' lang='lat' dir='ltr'><strong>quia</strong></span> <span class='ocrx_word' id='word_1_24' title='bbox 1137 518 1176 560; x_wconf 83' lang='lat' dir='ltr'><strong>stt</strong></span> 
     </span>
     <span class='ocr_line' id='line_1_4' title="bbox 147 575 1124 665; baseline 0.017 -32"><span class='ocrx_word' id='word_1_25' title='bbox 147 575 205 634; x_wconf 85' lang='lat' dir='ltr'><strong>hoc</strong></span> <span class='ocrx_word' id='word_1_26' title='bbox 224 586 269 665; x_wconf 76' lang='lat' dir='ltr'><strong>est</strong></span> <span class='ocrx_word' id='word_1_27' title='bbox 290 576 477 654; x_wconf 89' lang='lat' dir='ltr'><strong>multiplicare</strong></span> <span class='ocrx_word' id='word_1_28' title='bbox 497 580 665 638; x_wconf 78' lang='lat' dir='ltr'><strong>occasiones</strong></span> <span class='ocrx_word' id='word_1_29' title='bbox 683 579 845 660; x_wconf 89' lang='lat' dir='ltr'><strong>peierandi,</strong></span> <span class='ocrx_word' id='word_1_30' title='bbox 869 585 986 662; x_wconf 83' lang='lat' dir='ltr'><strong>laqueos</strong></span> <span class='ocrx_word' id='word_1_31' title='bbox 1004 587 1124 650; x_wconf 90' lang='lat' dir='ltr'><strong>tendere</strong></span> 
     </span>
     <span class='ocr_line' id='line_1_5' title="bbox 146 659 1123 735; baseline 0.016 -17"><span class='ocrx_word' id='word_1_32' title='bbox 146 660 266 719; x_wconf 87' lang='lat' dir='ltr'><strong>infirmis</strong></span> <span class='ocrx_word' id='word_1_33' title='bbox 293 671 323 720; x_wconf 87' lang='lat' dir='ltr'><strong>et</strong></span> <span class='ocrx_word' id='word_1_34' title='bbox 348 659 458 733; x_wconf 86' lang='lat' dir='ltr'><strong>idiotis,</strong></span> <span class='ocrx_word' id='word_1_35' title='bbox 486 673 516 722; x_wconf 91' lang='lat' dir='ltr'><strong>et</strong></span> <span class='ocrx_word' id='word_1_36' title='bbox 542 661 670 735; x_wconf 86' lang='lat' dir='ltr'><strong>efficere,</strong></span> <span class='ocrx_word' id='word_1_37' title='bbox 697 675 730 724; x_wconf 92' lang='lat' dir='ltr'><strong>ut</strong></span> <span class='ocrx_word' id='word_1_38' title='bbox 755 685 857 726; x_wconf 92' lang='lat' dir='ltr'><strong>nomen</strong></span> <span class='ocrx_word' id='word_1_39' title='bbox 884 680 914 727; x_wconf 89' lang='lat' dir='ltr'><strong>et</strong></span> <span class='ocrx_word' id='word_1_40' title='bbox 940 672 1046 734; x_wconf 86' lang='lat' dir='ltr'><strong>veritas</strong></span> <span class='ocrx_word' id='word_1_41' title='bbox 1069 673 1123 734; x_wconf 84' lang='lat' dir='ltr'><strong>llei</strong></span> 
     </span>
     <span class='ocr_line' id='line_1_6' title="bbox 147 744 1041 828; baseline 0.012 -25"><span class='ocrx_word' id='word_1_42' title='bbox 147 744 300 824; x_wconf 89' lang='lat' dir='ltr'><strong>aliquando</strong></span> <span class='ocrx_word' id='word_1_43' title='bbox 320 744 483 806; x_wconf 77' lang='lat' dir='ltr'><strong>deserviant</strong></span> <span class='ocrx_word' id='word_1_44' title='bbox 500 749 620 806; x_wconf 91' lang='lat' dir='ltr'><strong>consilio</strong></span> <span class='ocrx_word' id='word_1_45' title='bbox 639 750 795 828; x_wconf 89' lang='lat' dir='ltr'><strong>impiorum.</strong></span> <span class='ocrx_word' id='word_1_46' title='bbox 814 751 915 812; x_wconf 82' lang='lat' dir='ltr'><strong>blatth.</strong></span> <span class='ocrx_word' id='word_1_47' title='bbox 935 754 971 814; x_wconf 87' lang='lat' dir='ltr'><strong>V.</strong></span> <span class='ocrx_word' id='word_1_48' title='bbox 991 762 1041 820; x_wconf 79' lang='lat'><strong>37.</strong></span> 
     </span>
    </p>

    <p class='ocr_par' dir='ltr' id='par_1_3' title="bbox 98 829 1122 1004">
     <span class='ocr_line' id='line_1_7' title="bbox 190 829 1122 916; baseline 0.016 -29"><span class='ocrx_word' id='word_1_49' title='bbox 190 829 304 889; x_wconf 78' lang='lat' dir='ltr'><strong>Auditis</strong></span> <span class='ocrx_word' id='word_1_50' title='bbox 335 833 430 909; x_wconf 89' lang='lat' dir='ltr'><strong>itaque</strong></span> <span class='ocrx_word' id='word_1_51' title='bbox 466 842 523 890; x_wconf 90' lang='lat' dir='ltr'><strong>tum</strong></span> <span class='ocrx_word' id='word_1_52' title='bbox 554 852 627 892; x_wconf 92' lang='lat' dir='ltr'><strong>voce</strong></span> <span class='ocrx_word' id='word_1_53' title='bbox 658 845 716 893; x_wconf 88' lang='lat' dir='ltr'><strong>tum</strong></span> <span class='ocrx_word' id='word_1_54' title='bbox 743 837 851 916; x_wconf 91' lang='lat' dir='ltr'><strong>scripto</strong></span> <span class='ocrx_word' id='word_1_55' title='bbox 878 839 960 899; x_wconf 90' lang='lat' dir='ltr'><strong>nobis</strong></span> <span class='ocrx_word' id='word_1_56' title='bbox 988 841 1122 902; x_wconf 74' lang='lat' dir='ltr'><strong>exhibitis</strong></span> 
     </span>
     <span class='ocr_line' id='line_1_8' title="bbox 98 915 1120 1004; baseline 0.013 -30"><span class='ocrx_word' id='word_1_57' title='bbox 98 916 299 994; x_wconf 87' lang='lat' dir='ltr'><strong>praelatorum</strong></span> <span class='ocrx_word' id='word_1_58' title='bbox 326 915 512 975; x_wconf 80' lang='lat' dir='ltr'><strong>cardinalium</strong></span> <span class='ocrx_word' id='word_1_59' title='bbox 540 917 715 998; x_wconf 88' lang='lat' dir='ltr'><strong>aliorumque</strong></span> <span class='ocrx_word' id='word_1_60' title='bbox 742 920 941 1000; x_wconf 71' lang='lat' dir='ltr'><strong>theologorum</strong></span> <span class='ocrx_word' id='word_1_61' title='bbox 968 927 1120 1004; x_wconf 75' lang='lat' dir='ltr'><strong>suffragiis,</strong></span> 
     </span>
    </p>

    <p class='ocr_par' dir='ltr' id='par_1_4' title="bbox 98 999 1241 1091">
     <span class='ocr_line' id='line_1_9' title="bbox 98 999 1241 1091; baseline 0.012 -31"><span class='ocrx_word' id='word_1_62' title='bbox 98 999 247 1080; x_wconf 81' lang='lat' dir='ltr'><strong>divinique</strong></span> <span class='ocrx_word' id='word_1_63' title='bbox 269 1002 298 1060; x_wconf 93' lang='lat' dir='ltr'><strong>in</strong></span> <span class='ocrx_word' id='word_1_64' title='bbox 320 1002 417 1078; x_wconf 90' lang='lat' dir='ltr'><strong>primis</strong></span> <span class='ocrx_word' id='word_1_65' title='bbox 441 1001 550 1062; x_wconf 90' lang='lat' dir='ltr'><strong>luminis</strong></span> <span class='ocrx_word' id='word_1_66' title='bbox 572 1005 689 1082; x_wconf 91' lang='lat' dir='ltr'><strong>privatis</strong></span> <span class='ocrx_word' id='word_1_67' title='bbox 707 1003 743 1086; x_wconf 87' lang='lat' dir='ltr'><strong>ad</strong></span> <span class='ocrx_word' id='word_1_68' title='bbox 762 1024 825 1066; x_wconf 88' lang='lat' dir='ltr'><strong>enm</strong></span> <span class='ocrx_word' id='word_1_69' title='bbox 844 1009 927 1068; x_wconf 82' lang='lat' dir='ltr'><strong>finem</strong></span> <span class='ocrx_word' id='word_1_70' title='bbox 944 1011 1121 1091; x_wconf 81' lang='lat' dir='ltr'><strong>publicisque</strong></span> <span class='ocrx_word' id='word_1_71' title='bbox 1236 1077 1241 1084; x_wconf 71' lang='grc'>,</span> 
     </span>
    </p>

    <p class='ocr_par' dir='ltr' id='par_1_5' title="bbox 99 1083 1120 1174">
     <span class='ocr_line' id='line_1_10' title="bbox 99 1083 1120 1174; baseline 0.012 -30"><span class='ocrx_word' id='word_1_72' title='bbox 99 1088 190 1145; x_wconf 88' lang='lat' dir='ltr'><strong>etiam</strong></span> <span class='ocrx_word' id='word_1_73' title='bbox 209 1083 324 1145; x_wconf 90' lang='lat' dir='ltr'><strong>indictis</strong></span> <span class='ocrx_word' id='word_1_74' title='bbox 346 1085 479 1164; x_wconf 89' lang='lat' dir='ltr'><strong>precibus</strong></span> <span class='ocrx_word' id='word_1_75' title='bbox 502 1088 652 1166; x_wconf 91' lang='lat' dir='ltr'><strong>implorato</strong></span> <span class='ocrx_word' id='word_1_76' title='bbox 675 1089 833 1168; x_wconf 88' lang='lat' dir='ltr'><strong>praesidio,</strong></span> <span class='ocrx_word' id='word_1_77' title='bbox 858 1113 956 1154; x_wconf 88' lang='lat' dir='ltr'><strong>omnes</strong></span> <span class='ocrx_word' id='word_1_78' title='bbox 978 1106 1008 1155; x_wconf 91' lang='lat' dir='ltr'><strong>et</strong></span> <span class='ocrx_word' id='word_1_79' title='bbox 1025 1099 1120 1174; x_wconf 80' lang='lat' dir='ltr'><strong>singu-</strong></span> 
     </span>
    </p>

    <p class='ocr_par' dir='ltr' id='par_1_6' title="bbox 54 1171 1150 2873">
     <span class='ocr_line' id='line_1_11' title="bbox 99 1171 1121 1260; baseline 0.013 -31"><span class='ocrx_word' id='word_1_80' title='bbox 99 1172 143 1230; x_wconf 90' lang='lat' dir='ltr'><strong>las</strong></span> <span class='ocrx_word' id='word_1_81' title='bbox 162 1171 376 1249; x_wconf 89' lang='lat' dir='ltr'><strong>propositiones</strong></span> <span class='ocrx_word' id='word_1_82' title='bbox 393 1173 585 1251; x_wconf 87' lang='lat' dir='ltr'><strong>praeinsertas</strong></span> <span class='ocrx_word' id='word_1_83' title='bbox 604 1184 734 1253; x_wconf 86' lang='lat' dir='ltr'><strong>tanquam</strong></span> <span class='ocrx_word' id='word_1_84' title='bbox 752 1176 852 1250; x_wconf 79' lang='lat' dir='ltr'><strong>falsas,</strong></span> <span class='ocrx_word' id='word_1_85' title='bbox 876 1183 1028 1260; x_wconf 86' lang='lat' dir='ltr'><strong>captiosas,</strong></span> <span class='ocrx_word' id='word_1_86' title='bbox 1047 1183 1121 1242; x_wconf 89' lang='lat' dir='ltr'><strong>male</strong></span> 
     </span>
     <span class='ocr_line' id='line_1_12' title="bbox 97 1256 1120 1345; baseline 0.012 -30"><span class='ocrx_word' id='word_1_87' title='bbox 97 1266 247 1326; x_wconf 84' lang='lat' dir='ltr'><strong>sonantes,</strong></span> <span class='ocrx_word' id='word_1_88' title='bbox 267 1256 373 1334; x_wconf 86' lang='lat' dir='ltr'><strong>piarum</strong></span> <span class='ocrx_word' id='word_1_89' title='bbox 392 1259 499 1316; x_wconf 89' lang='lat' dir='ltr'><strong>aurium</strong></span> <span class='ocrx_word' id='word_1_90' title='bbox 519 1258 683 1330; x_wconf 85' lang='lat' dir='ltr'><strong>cilensivas,</strong></span> <span class='ocrx_word' id='word_1_91' title='bbox 710 1259 907 1335; x_wconf 86' lang='lat' dir='ltr'><strong>scandalosas,</strong></span> <span class='ocrx_word' id='word_1_92' title='bbox 933 1269 1120 1345; x_wconf 83' lang='lat' dir='ltr'><strong>perniciosas,</strong></span> 
     </span>
     <span class='ocr_line' id='line_1_13' title="bbox 96 1342 1119 1428; baseline 0.01 -28"><span class='ocrx_word' id='word_1_93' title='bbox 96 1343 279 1412; x_wconf 87' lang='lat' dir='ltr'><strong>temerarias,</strong></span> <span class='ocrx_word' id='word_1_94' title='bbox 295 1342 437 1401; x_wconf 89' lang='lat' dir='ltr'><strong>ecclesiae</strong></span> <span class='ocrx_word' id='word_1_95' title='bbox 447 1343 546 1402; x_wconf 91' lang='lat' dir='ltr'><strong>eteius</strong></span> <span class='ocrx_word' id='word_1_96' title='bbox 560 1345 641 1421; x_wconf 91' lang='lat' dir='ltr'><strong>praxi</strong></span> <span class='ocrx_word' id='word_1_97' title='bbox 650 1346 810 1416; x_wconf 79' lang='lat' dir='ltr'><strong>iniuriosae,</strong></span> <span class='ocrx_word' id='word_1_98' title='bbox 826 1363 917 1428; x_wconf 89' lang='lat' dir='ltr'><strong>neque</strong></span> <span class='ocrx_word' id='word_1_99' title='bbox 927 1351 955 1408; x_wconf 94' lang='lat' dir='ltr'><strong>iu</strong></span> <span class='ocrx_word' id='word_1_100' title='bbox 966 1351 1119 1411; x_wconf 89' lang='lat' dir='ltr'><strong>ecclesiam</strong></span> 
     </span>
     <span class='ocr_line' id='line_1_14' title="bbox 97 1425 1118 1508; baseline 0.009 -22"><span class='ocrx_word' id='word_1_101' title='bbox 97 1427 202 1498; x_wconf 88' lang='lat' dir='ltr'><strong>solnm,</strong></span> <span class='ocrx_word' id='word_1_102' title='bbox 217 1425 268 1486; x_wconf 91' lang='lat' dir='ltr'><strong>sed</strong></span> <span class='ocrx_word' id='word_1_103' title='bbox 282 1427 367 1486; x_wconf 89' lang='lat' dir='ltr'><strong>etiam</strong></span> <span class='ocrx_word' id='word_1_104' title='bbox 381 1429 409 1486; x_wconf 93' lang='lat' dir='ltr'><strong>in</strong></span> <span class='ocrx_word' id='word_1_105' title='bbox 419 1438 576 1507; x_wconf 80' lang='lat' dir='ltr'><strong>potestates</strong></span> <span class='ocrx_word' id='word_1_106' title='bbox 590 1431 698 1490; x_wconf 87' lang='lat' dir='ltr'><strong>saeculi</strong></span> <span class='ocrx_word' id='word_1_107' title='bbox 713 1434 942 1507; x_wconf 87' lang='lat' dir='ltr'><strong>contumeliosas,</strong></span> <span class='ocrx_word' id='word_1_108' title='bbox 957 1435 1118 1508; x_wconf 85' lang='lat' dir='ltr'><strong>seditiosas,</strong></span> 
     </span>
     <span class='ocr_line' id='line_1_15' title="bbox 96 1512 1118 1599; baseline 0.009 -28"><span class='ocrx_word' id='word_1_109' title='bbox 96 1512 215 1592; x_wconf 87' lang='lat' dir='ltr'><strong>impias,</strong></span> <span class='ocrx_word' id='word_1_110' title='bbox 233 1512 425 1592; x_wconf 90' lang='lat' dir='ltr'><strong>blasphemas,</strong></span> <span class='ocrx_word' id='word_1_111' title='bbox 445 1523 591 1592; x_wconf 87' lang='lat' dir='ltr'><strong>suspectas</strong></span> <span class='ocrx_word' id='word_1_112' title='bbox 609 1514 644 1574; x_wconf 93' lang='lat' dir='ltr'><strong>de</strong></span> <span class='ocrx_word' id='word_1_113' title='bbox 662 1516 789 1588; x_wconf 87' lang='lat' dir='ltr'><strong>haeresi,</strong></span> <span class='ocrx_word' id='word_1_114' title='bbox 816 1537 851 1577; x_wconf 90' lang='lat' dir='ltr'><strong>ac</strong></span> <span class='ocrx_word' id='word_1_115' title='bbox 870 1519 1011 1579; x_wconf 80' lang='lat' dir='ltr'><strong>haeresim</strong></span> <span class='ocrx_word' id='word_1_116' title='bbox 1030 1521 1118 1599; x_wconf 83' lang='lat' dir='ltr'><strong>ipsam</strong></span> 
     </span>
     <span class='ocr_line' id='line_1_16' title="bbox 98 1599 1118 1676; baseline 0.01 -21"><span class='ocrx_word' id='word_1_117' title='bbox 98 1599 255 1676; x_wconf 88' lang='lat' dir='ltr'><strong>sapientes,</strong></span> <span class='ocrx_word' id='word_1_118' title='bbox 274 1617 328 1658; x_wconf 89' lang='lat' dir='ltr'><strong>nec</strong></span> <span class='ocrx_word' id='word_1_119' title='bbox 344 1619 401 1658; x_wconf 92' lang='lat' dir='ltr'><strong>non</strong></span> <span class='ocrx_word' id='word_1_120' title='bbox 414 1599 578 1671; x_wconf 80' lang='lat' dir='ltr'><strong>haereticis,</strong></span> <span class='ocrx_word' id='word_1_121' title='bbox 600 1611 630 1659; x_wconf 93' lang='lat' dir='ltr'><strong>et</strong></span> <span class='ocrx_word' id='word_1_122' title='bbox 642 1600 808 1661; x_wconf 79' lang='lat' dir='ltr'><strong>haeresibus</strong></span> <span class='ocrx_word' id='word_1_123' title='bbox 823 1623 858 1662; x_wconf 90' lang='lat' dir='ltr'><strong>ac</strong></span> <span class='ocrx_word' id='word_1_124' title='bbox 873 1605 958 1662; x_wconf 92' lang='lat' dir='ltr'><strong>etiam</strong></span> <span class='ocrx_word' id='word_1_125' title='bbox 972 1605 1118 1665; x_wconf 88' lang='lat' dir='ltr'><strong>schismati</strong></span> 
     </span>
     <span class='ocr_line' id='line_1_17' title="bbox 54 1682 1117 1765; baseline 0.009 -25"><span class='ocrx_word' id='word_1_126' title='bbox 54 1749 57 1754; x_wconf 86' lang='lat'>.</span> <span class='ocrx_word' id='word_1_127' title='bbox 96 1682 244 1755; x_wconf 84' lang='lat' dir='ltr'><strong>faventes,</strong></span> <span class='ocrx_word' id='word_1_128' title='bbox 269 1702 418 1758; x_wconf 87' lang='lat' dir='ltr'><strong>erroneas,</strong></span> <span class='ocrx_word' id='word_1_129' title='bbox 443 1684 557 1744; x_wconf 90' lang='lat' dir='ltr'><strong>haeresi</strong></span> <span class='ocrx_word' id='word_1_130' title='bbox 579 1687 737 1763; x_wconf 86' lang='lat' dir='ltr'><strong>proximas,</strong></span> <span class='ocrx_word' id='word_1_131' title='bbox 765 1687 871 1765; x_wconf 90' lang='lat' dir='ltr'><strong>pluries</strong></span> <span class='ocrx_word' id='word_1_132' title='bbox 894 1687 1054 1762; x_wconf 84' lang='lat' dir='ltr'><strong>damnatas,</strong></span> <span class='ocrx_word' id='word_1_133' title='bbox 1082 1711 1117 1750; x_wconf 92' lang='lat' dir='ltr'><strong>ac</strong></span> 
     </span>
     <span class='ocr_line' id='line_1_18' title="bbox 96 1766 1150 1853; baseline 0.009 -27"><span class='ocrx_word' id='word_1_134' title='bbox 96 1766 212 1826; x_wconf 86' lang='lat' dir='ltr'><strong>demum</strong></span> <span class='ocrx_word' id='word_1_135' title='bbox 235 1769 320 1827; x_wconf 90' lang='lat' dir='ltr'><strong>etiam</strong></span> <span class='ocrx_word' id='word_1_136' title='bbox 343 1769 519 1840; x_wconf 90' lang='lat' dir='ltr'><strong>haereticas,</strong></span> <span class='ocrx_word' id='word_1_137' title='bbox 542 1771 691 1850; x_wconf 89' lang='lat' dir='ltr'><strong>variasque</strong></span> <span class='ocrx_word' id='word_1_138' title='bbox 717 1771 865 1844; x_wconf 87' lang='lat' dir='ltr'><strong>haereses,</strong></span> <span class='ocrx_word' id='word_1_139' title='bbox 890 1785 920 1833; x_wconf 87' lang='lat' dir='ltr'><strong>et</strong></span> <span class='ocrx_word' id='word_1_140' title='bbox 941 1775 1117 1853; x_wconf 86' lang='lat' dir='ltr'><strong>potissimum</strong></span> <span class='ocrx_word' id='word_1_141' title='bbox 1146 1840 1150 1848; x_wconf 56' lang='grc'>,</span> 
     </span>
     <span class='ocr_line' id='line_1_19' title="bbox 95 1852 1116 1938; baseline 0.008 -26"><span class='ocrx_word' id='word_1_142' title='bbox 95 1853 180 1924; x_wconf 89' lang='lat' dir='ltr'><strong>illas,</strong></span> <span class='ocrx_word' id='word_1_143' title='bbox 212 1856 333 1932; x_wconf 89' lang='lat' dir='ltr'><strong>quaein</strong></span> <span class='ocrx_word' id='word_1_144' title='bbox 354 1853 470 1914; x_wconf 85' lang='lat' dir='ltr'><strong>famosis</strong></span> <span class='ocrx_word' id='word_1_145' title='bbox 500 1852 622 1913; x_wconf 90' lang='lat' dir='ltr'><strong>lausenii</strong></span> <span class='ocrx_word' id='word_1_146' title='bbox 653 1858 914 1935; x_wconf 87' lang='lat' dir='ltr'><strong>propositionibus,</strong></span> <span class='ocrx_word' id='word_1_147' title='bbox 947 1869 977 1918; x_wconf 91' lang='lat' dir='ltr'><strong>et</strong></span> <span class='ocrx_word' id='word_1_148' title='bbox 1003 1859 1116 1938; x_wconf 89' lang='lat' dir='ltr'><strong>quidem</strong></span> 
     </span>
     <span class='ocr_line' id='line_1_20' title="bbox 95 1938 1115 2024; baseline 0.007 -28"><span class='ocrx_word' id='word_1_149' title='bbox 95 1938 269 2010; x_wconf 86' lang='lat' dir='ltr'><strong>ineosensn,</strong></span> <span class='ocrx_word' id='word_1_150' title='bbox 288 1940 317 1996; x_wconf 92' lang='lat' dir='ltr'><strong>in</strong></span> <span class='ocrx_word' id='word_1_151' title='bbox 332 1958 387 2018; x_wconf 93' lang='lat' dir='ltr'><strong>qno</strong></span> <span class='ocrx_word' id='word_1_152' title='bbox 401 1939 457 1999; x_wconf 89' lang='lat' dir='ltr'><strong>hae</strong></span> <span class='ocrx_word' id='word_1_153' title='bbox 471 1938 620 1998; x_wconf 86' lang='lat' dir='ltr'><strong>damnatae</strong></span> <span class='ocrx_word' id='word_1_154' title='bbox 636 1941 761 2011; x_wconf 79' lang='lat' dir='ltr'><strong>luerunt,</strong></span> <span class='ocrx_word' id='word_1_155' title='bbox 771 1946 910 2024; x_wconf 86' lang='lat' dir='ltr'><strong>acceptis,</strong></span> <span class='ocrx_word' id='word_1_156' title='bbox 923 1943 1115 2016; x_wconf 90' lang='lat' dir='ltr'><strong>continentur,</strong></span> 
     </span>
     <span class='ocr_line' id='line_1_21' title="bbox 95 2024 1115 2105; baseline 0.005 -23"><span class='ocrx_word' id='word_1_157' title='bbox 95 2024 250 2090; x_wconf 77' lang='lat' dir='ltr'><strong>manifeste</strong></span> <span class='ocrx_word' id='word_1_158' title='bbox 268 2026 436 2084; x_wconf 88' lang='lat' dir='ltr'><strong>innovantes</strong></span> <span class='ocrx_word' id='word_1_159' title='bbox 454 2024 624 2104; x_wconf 83' lang='lat' dir='ltr'><strong>respective,</strong></span> <span class='ocrx_word' id='word_1_160' title='bbox 652 2025 810 2084; x_wconf 88' lang='lat' dir='ltr'><strong>hacuostra</strong></span> <span class='ocrx_word' id='word_1_161' title='bbox 832 2037 971 2105; x_wconf 89' lang='lat' dir='ltr'><strong>perpetua</strong></span> <span class='ocrx_word' id='word_1_162' title='bbox 992 2029 1115 2088; x_wconf 89' lang='lat' dir='ltr'><strong>valitura</strong></span> 
     </span>
     <span class='ocr_line' id='line_1_22' title="bbox 95 2107 942 2188; baseline 0.009 -19"><span class='ocrx_word' id='word_1_163' title='bbox 95 2110 304 2169; x_wconf 87' lang='lat' dir='ltr'><strong>constitutione</strong></span> <span class='ocrx_word' id='word_1_164' title='bbox 316 2108 505 2182; x_wconf 77' lang='lat' dir='ltr'><strong>declmmns‚</strong></span> <span class='ocrx_word' id='word_1_165' title='bbox 521 2107 683 2169; x_wconf 87' lang='lat' dir='ltr'><strong>damnamus</strong></span> <span class='ocrx_word' id='word_1_166' title='bbox 698 2120 727 2168; x_wconf 91' lang='lat' dir='ltr'><strong>et</strong></span> <span class='ocrx_word' id='word_1_167' title='bbox 747 2111 942 2188; x_wconf 87' lang='lat' dir='ltr'><strong>reprobamus.</strong></span> 
     </span>
     <span class='ocr_line' id='line_1_23' title="bbox 182 2193 1114 2274; baseline 0.005 -20"><span class='ocrx_word' id='word_1_168' title='bbox 182 2193 350 2254; x_wconf 76' lang='lat' dir='ltr'><strong>Mandonius</strong></span> <span class='ocrx_word' id='word_1_169' title='bbox 371 2195 499 2255; x_wconf 86' lang='lat' dir='ltr'><strong>omuibus</strong></span> <span class='ocrx_word' id='word_1_170' title='bbox 521 2195 666 2274; x_wconf 82' lang='lat' dir='ltr'><strong>utriusque</strong></span> <span class='ocrx_word' id='word_1_171' title='bbox 684 2214 769 2254; x_wconf 88' lang='lat' dir='ltr'><strong>sexus</strong></span> <span class='ocrx_word' id='word_1_172' title='bbox 785 2196 892 2261; x_wconf 81' lang='lat' dir='ltr'><strong>Christi</strong></span> <span class='ocrx_word' id='word_1_173' title='bbox 911 2195 1055 2270; x_wconf 84' lang='lat' dir='ltr'><strong>fidelibus,</strong></span> <span class='ocrx_word' id='word_1_174' title='bbox 1078 2219 1114 2259; x_wconf 91' lang='lat' dir='ltr'><strong>ne</strong></span> 
     </span>
     <span class='ocr_line' id='line_1_24' title="bbox 93 2273 1115 2362; baseline 0.004 -22"><span class='ocrx_word' id='word_1_175' title='bbox 93 2279 134 2340; x_wconf 91' lang='lat' dir='ltr'><strong>de</strong></span> <span class='ocrx_word' id='word_1_176' title='bbox 158 2273 244 2340; x_wconf 90' lang='lat' dir='ltr'><strong>dictis</strong></span> <span class='ocrx_word' id='word_1_177' title='bbox 270 2281 511 2362; x_wconf 87' lang='lat' dir='ltr'><strong>propositionibus</strong></span> <span class='ocrx_word' id='word_1_178' title='bbox 533 2282 655 2352; x_wconf 87' lang='lat' dir='ltr'><strong>sentire,</strong></span> <span class='ocrx_word' id='word_1_179' title='bbox 682 2279 805 2352; x_wconf 90' lang='lat' dir='ltr'><strong>docere,</strong></span> <span class='ocrx_word' id='word_1_180' title='bbox 836 2281 1006 2360; x_wconf 85' lang='lat' dir='ltr'><strong>praedicare</strong></span> <span class='ocrx_word' id='word_1_181' title='bbox 1030 2285 1115 2344; x_wconf 88' lang='lat' dir='ltr'><strong>aliter</strong></span> 
     </span>
     <span class='ocr_line' id='line_1_25' title="bbox 91 2364 1114 2447; baseline 0.003 -22"><span class='ocrx_word' id='word_1_182' title='bbox 91 2377 293 2447; x_wconf 88' lang='lat' dir='ltr'><strong>praesumant,</strong></span> <span class='ocrx_word' id='word_1_183' title='bbox 318 2384 398 2445; x_wconf 88' lang='lat' dir='ltr'><strong>quam</strong></span> <span class='ocrx_word' id='word_1_184' title='bbox 422 2367 450 2424; x_wconf 92' lang='lat' dir='ltr'><strong>in</strong></span> <span class='ocrx_word' id='word_1_185' title='bbox 476 2366 531 2425; x_wconf 91' lang='lat' dir='ltr'><strong>hae</strong></span> <span class='ocrx_word' id='word_1_186' title='bbox 554 2364 654 2424; x_wconf 88' lang='lat' dir='ltr'><strong>eadem</strong></span> <span class='ocrx_word' id='word_1_187' title='bbox 678 2376 775 2425; x_wconf 88' lang='lat' dir='ltr'><strong>nostra</strong></span> <span class='ocrx_word' id='word_1_188' title='bbox 799 2369 1002 2427; x_wconf 89' lang='lat' dir='ltr'><strong>constitutione</strong></span> <span class='ocrx_word' id='word_1_189' title='bbox 1021 2370 1114 2428; x_wconf 85' lang='lat' dir='ltr'><strong>conti-</strong></span> 
     </span>
     <span class='ocr_line' id='line_1_26' title="bbox 92 2451 1114 2532; baseline 0.001 -21"><span class='ocrx_word' id='word_1_190' title='bbox 92 2461 195 2523; x_wconf 87' lang='lat' dir='ltr'><strong>netur,</strong></span> <span class='ocrx_word' id='word_1_191' title='bbox 219 2453 260 2510; x_wconf 89' lang='lat' dir='ltr'><strong>ita</strong></span> <span class='ocrx_word' id='word_1_192' title='bbox 281 2461 313 2510; x_wconf 92' lang='lat' dir='ltr'><strong>ut</strong></span> <span class='ocrx_word' id='word_1_193' title='bbox 335 2452 493 2532; x_wconf 90' lang='lat' dir='ltr'><strong>quicunqne</strong></span> <span class='ocrx_word' id='word_1_194' title='bbox 515 2454 579 2513; x_wconf 89' lang='lat' dir='ltr'><strong>illas</strong></span> <span class='ocrx_word' id='word_1_195' title='bbox 600 2453 648 2512; x_wconf 88' lang='lat' dir='ltr'><strong>vel</strong></span> <span class='ocrx_word' id='word_1_196' title='bbox 670 2451 780 2511; x_wconf 88' lang='lat' dir='ltr'><strong>illarum</strong></span> <span class='ocrx_word' id='word_1_197' title='bbox 799 2453 920 2531; x_wconf 87' lang='lat' dir='ltr'><strong>aliquam</strong></span> <span class='ocrx_word' id='word_1_198' title='bbox 940 2454 1114 2512; x_wconf 88' lang='lat' dir='ltr'><strong>coniunctim</strong></span> 
     </span>
     <span class='ocr_line' id='line_1_27' title="bbox 92 2535 1113 2611; baseline 0.001 -14"><span class='ocrx_word' id='word_1_199' title='bbox 92 2539 142 2597; x_wconf 89' lang='lat' dir='ltr'><strong>vel</strong></span> <span class='ocrx_word' id='word_1_200' title='bbox 162 2535 270 2596; x_wconf 84' lang='lat' dir='ltr'><strong>divisim</strong></span> <span class='ocrx_word' id='word_1_201' title='bbox 289 2535 434 2608; x_wconf 88' lang='lat' dir='ltr'><strong>docuerit,</strong></span> <span class='ocrx_word' id='word_1_202' title='bbox 458 2535 633 2609; x_wconf 79' lang='lat' dir='ltr'><strong>defenderit,</strong></span> <span class='ocrx_word' id='word_1_203' title='bbox 657 2536 795 2609; x_wconf 83' lang='lat' dir='ltr'><strong>ediderit,</strong></span> <span class='ocrx_word' id='word_1_204' title='bbox 819 2549 868 2597; x_wconf 87' lang='lat' dir='ltr'><strong>ant</strong></span> <span class='ocrx_word' id='word_1_205' title='bbox 891 2537 926 2598; x_wconf 94' lang='lat' dir='ltr'><strong>de</strong></span> <span class='ocrx_word' id='word_1_206' title='bbox 945 2541 1002 2611; x_wconf 89' lang='lat' dir='ltr'><strong>cis,</strong></span> <span class='ocrx_word' id='word_1_207' title='bbox 1027 2539 1113 2598; x_wconf 91' lang='lat' dir='ltr'><strong>etiam</strong></span> 
     </span>
     <span class='ocr_line' id='line_1_28' title="bbox 92 2622 1114 2703; baseline 0 -21"><span class='ocrx_word' id='word_1_208' title='bbox 92 2622 282 2702; x_wconf 82' lang='lat' dir='ltr'><strong>disputative,</strong></span> <span class='ocrx_word' id='word_1_209' title='bbox 304 2622 417 2701; x_wconf 88' lang='lat' dir='ltr'><strong>publice</strong></span> <span class='ocrx_word' id='word_1_210' title='bbox 442 2634 491 2682; x_wconf 89' lang='lat' dir='ltr'><strong>ant</strong></span> <span class='ocrx_word' id='word_1_211' title='bbox 512 2624 641 2703; x_wconf 87' lang='lat' dir='ltr'><strong>privatim</strong></span> <span class='ocrx_word' id='word_1_212' title='bbox 664 2625 845 2695; x_wconf 84' lang='lat' dir='ltr'><strong>tractaverit,</strong></span> <span class='ocrx_word' id='word_1_213' title='bbox 870 2625 924 2684; x_wconf 89' lang='lat' dir='ltr'><strong>uisi</strong></span> <span class='ocrx_word' id='word_1_214' title='bbox 945 2625 1043 2684; x_wconf 88' lang='lat' dir='ltr'><strong>lorsan</strong></span> <span class='ocrx_word' id='word_1_215' title='bbox 1060 2624 1114 2682; x_wconf 85' lang='lat' dir='ltr'><strong>inr-</strong></span> 
     </span>
     <span class='ocr_line' id='line_1_29' title="bbox 91 2706 1114 2788; baseline 0.001 -21"><span class='ocrx_word' id='word_1_216' title='bbox 91 2706 263 2788; x_wconf 82' lang='lat' dir='ltr'><strong>pugnando,</strong></span> <span class='ocrx_word' id='word_1_217' title='bbox 287 2707 492 2768; x_wconf 87' lang='lat' dir='ltr'><strong>ecclesiasticis</strong></span> <span class='ocrx_word' id='word_1_218' title='bbox 515 2709 642 2768; x_wconf 87' lang='lat' dir='ltr'><strong>censuris</strong></span> <span class='ocrx_word' id='word_1_219' title='bbox 664 2709 783 2786; x_wconf 87' lang='lat' dir='ltr'><strong>aliisque</strong></span> <span class='ocrx_word' id='word_1_220' title='bbox 807 2720 906 2768; x_wconf 90' lang='lat' dir='ltr'><strong>eontra</strong></span> <span class='ocrx_word' id='word_1_221' title='bbox 928 2711 1030 2770; x_wconf 85' lang='lat' dir='ltr'><strong>similia</strong></span> <span class='ocrx_word' id='word_1_222' title='bbox 1047 2727 1114 2788; x_wconf 89' lang='lat' dir='ltr'><strong>per·</strong></span> 
     </span>
     <span class='ocr_line' id='line_1_30' title="bbox 91 2792 1113 2873; baseline 0.001 -21"><span class='ocrx_word' id='word_1_223' title='bbox 91 2803 242 2873; x_wconf 80' lang='lat' dir='ltr'><strong>patrantes</strong></span> <span class='ocrx_word' id='word_1_224' title='bbox 264 2814 282 2852; x_wconf 88' lang='lat' dir='ltr'><strong>a</strong></span> <span class='ocrx_word' id='word_1_225' title='bbox 308 2795 370 2853; x_wconf 92' lang='lat' dir='ltr'><strong>iurc</strong></span> <span class='ocrx_word' id='word_1_226' title='bbox 393 2795 504 2853; x_wconf 91' lang='lat' dir='ltr'><strong>statutis</strong></span> <span class='ocrx_word' id='word_1_227' title='bbox 521 2794 621 2873; x_wconf 90' lang='lat' dir='ltr'><strong>poenis</strong></span> <span class='ocrx_word' id='word_1_228' title='bbox 639 2793 701 2872; x_wconf 90' lang='lat' dir='ltr'><strong>ipso</strong></span> <span class='ocrx_word' id='word_1_229' title='bbox 720 2793 798 2851; x_wconf 85' lang='lat' dir='ltr'><strong>facto</strong></span> <span class='ocrx_word' id='word_1_230' title='bbox 818 2793 923 2872; x_wconf 90' lang='lat' dir='ltr'><strong>absque</strong></span> <span class='ocrx_word' id='word_1_231' title='bbox 941 2795 998 2853; x_wconf 91' lang='lat' dir='ltr'><strong>alia</strong></span> <span class='ocrx_word' id='word_1_232' title='bbox 1016 2792 1113 2853; x_wconf 85' lang='lat' dir='ltr'><strong>decla-</strong></span> 
     </span>
    </p>

    <p class='ocr_par' dir='ltr' id='par_1_7' title="bbox 91 2877 1113 3044">
     <span class='ocr_line' id='line_1_31' title="bbox 91 2877 1079 2946; baseline 0.008 -8"><span class='ocrx_word' id='word_1_233' title='bbox 91 2880 208 2938; x_wconf 86' lang='lat' dir='ltr'><strong>ratione</strong></span> <span class='ocrx_word' id='word_1_234' title='bbox 226 2878 382 2938; x_wconf 89' lang='lat' dir='ltr'><strong>subiaceat.</strong></span> <span class='ocrx_word' id='word_1_235' title='bbox 572 2877 573 2882; x_wconf 65' lang='grc'>’</span> <span class='ocrx_word' id='word_1_236' title='bbox 1074 2939 1079 2946; x_wconf 92' lang='grc'><strong>.</strong></span> 
     </span>
     <span class='ocr_line' id='line_1_32' title="bbox 138 2961 1113 3044; baseline -0.002 -22"><span class='ocrx_word' id='word_1_237' title='bbox 138 2963 272 3024; x_wconf 89' lang='lat' dir='ltr'><strong>Ceterum</strong></span> <span class='ocrx_word' id='word_1_238' title='bbox 295 2984 349 3044; x_wconf 91' lang='lat' dir='ltr'><strong>per</strong></span> <span class='ocrx_word' id='word_1_239' title='bbox 370 2983 532 3042; x_wconf 87' lang='lat' dir='ltr'><strong>expressam</strong></span> <span class='ocrx_word' id='word_1_240' title='bbox 551 2963 740 3043; x_wconf 83' lang='lat' dir='ltr'><strong>praelatarum</strong></span> <span class='ocrx_word' id='word_1_241' title='bbox 762 2961 988 3041; x_wconf 89' lang='lat' dir='ltr'><strong>propositionum</strong></span> <span class='ocrx_word' id='word_1_242' title='bbox 1011 2980 1113 3039; x_wconf 88' lang='lat' dir='ltr'><strong>repro·</strong></span> 
     </span>
    </p>

    <p class='ocr_par' dir='ltr' id='par_1_8' title="bbox 91 3046 1111 3125">
     <span class='ocr_line' id='line_1_33' title="bbox 91 3046 1111 3125; baseline -0.003 -17"><span class='ocrx_word' id='word_1_243' title='bbox 91 3049 239 3108; x_wconf 90' lang='lat' dir='ltr'><strong>bationem</strong></span> <span class='ocrx_word' id='word_1_244' title='bbox 262 3049 318 3108; x_wconf 89' lang='lat' dir='ltr'><strong>alia</strong></span> <span class='ocrx_word' id='word_1_245' title='bbox 341 3051 369 3108; x_wconf 92' lang='lat' dir='ltr'><strong>in</strong></span> <span class='ocrx_word' id='word_1_246' title='bbox 391 3048 492 3108; x_wconf 86' lang='lat' dir='ltr'><strong>eodem</strong></span> <span class='ocrx_word' id='word_1_247' title='bbox 515 3050 588 3108; x_wconf 90' lang='lat' dir='ltr'><strong>libro</strong></span> <span class='ocrx_word' id='word_1_248' title='bbox 608 3057 742 3108; x_wconf 89' lang='lat' dir='ltr'><strong>contenta</strong></span> <span class='ocrx_word' id='word_1_249' title='bbox 765 3047 924 3106; x_wconf 88' lang='lat' dir='ltr'><strong>nullatenus</strong></span> <span class='ocrx_word' id='word_1_250' title='bbox 951 3046 1111 3125; x_wconf 83' lang='lat' dir='ltr'><strong>approbare</strong></span> 
     </span>
    </p>

    <p class='ocr_par' dir='ltr' id='par_1_9' title="bbox 89 3131 1158 3897">
     <span class='ocr_line' id='line_1_34' title="bbox 92 3131 1112 3214; baseline -0.004 -21"><span class='ocrx_word' id='word_1_251' title='bbox 92 3133 280 3206; x_wconf 87' lang='lat' dir='ltr'><strong>intendimus,</strong></span> <span class='ocrx_word' id='word_1_252' title='bbox 304 3154 386 3214; x_wconf 90' lang='lat' dir='ltr'><strong>quum</strong></span> <span class='ocrx_word' id='word_1_253' title='bbox 408 3136 579 3214; x_wconf 86' lang='lat' dir='ltr'><strong>praesertim</strong></span> <span class='ocrx_word' id='word_1_254' title='bbox 601 3135 629 3192; x_wconf 93' lang='lat' dir='ltr'><strong>in</strong></span> <span class='ocrx_word' id='word_1_255' title='bbox 652 3131 774 3192; x_wconf 90' lang='lat' dir='ltr'><strong>decursu</strong></span> <span class='ocrx_word' id='word_1_256' title='bbox 796 3132 933 3192; x_wconf 83' lang='lat' dir='ltr'><strong>examinis</strong></span> <span class='ocrx_word' id='word_1_257' title='bbox 952 3131 1112 3211; x_wconf 84' lang='lat' dir='ltr'><strong>complures</strong></span> 
     </span>
     <span class='ocr_line' id='line_1_35' title="bbox 92 3218 1112 3299; baseline -0.005 -20"><span class='ocrx_word' id='word_1_258' title='bbox 92 3221 165 3279; x_wconf 89' lang='lat' dir='ltr'><strong>alias</strong></span> <span class='ocrx_word' id='word_1_259' title='bbox 182 3221 210 3278; x_wconf 94' lang='lat' dir='ltr'><strong>in</strong></span> <span class='ocrx_word' id='word_1_260' title='bbox 227 3237 263 3280; x_wconf 89' lang='lat' dir='ltr'><strong>eo</strong></span> <span class='ocrx_word' id='word_1_261' title='bbox 277 3218 547 3298; x_wconf 86' lang='lat' dir='ltr'><strong>deprehenderimus</strong></span> <span class='ocrx_word' id='word_1_262' title='bbox 569 3220 779 3299; x_wconf 91' lang='lat' dir='ltr'><strong>propositiones</strong></span> <span class='ocrx_word' id='word_1_263' title='bbox 796 3219 868 3290; x_wconf 91' lang='lat' dir='ltr'><strong>istis,</strong></span> <span class='ocrx_word' id='word_1_264' title='bbox 882 3235 960 3296; x_wconf 91' lang='lat' dir='ltr'><strong>qnae</strong></span> <span class='ocrx_word' id='word_1_265' title='bbox 979 3227 1009 3275; x_wconf 91' lang='lat' dir='ltr'><strong>nt</strong></span> <span class='ocrx_word' id='word_1_266' title='bbox 1027 3235 1112 3295; x_wconf 87' lang='lat' dir='ltr'><strong>snpra</strong></span> 
     </span>
     <span class='ocr_line' id='line_1_36' title="bbox 92 3301 1111 3382; baseline -0.005 -18"><span class='ocrx_word' id='word_1_267' title='bbox 92 3304 244 3364; x_wconf 90' lang='lat' dir='ltr'><strong>damnatae</strong></span> <span class='ocrx_word' id='word_1_268' title='bbox 262 3305 390 3377; x_wconf 84' lang='lat' dir='ltr'><strong>inerunt,</strong></span> <span class='ocrx_word' id='word_1_269' title='bbox 416 3305 577 3364; x_wconf 88' lang='lat' dir='ltr'><strong>consimiles</strong></span> <span class='ocrx_word' id='word_1_270' title='bbox 596 3315 626 3363; x_wconf 91' lang='lat' dir='ltr'><strong>et</strong></span> <span class='ocrx_word' id='word_1_271' title='bbox 644 3304 761 3375; x_wconf 83' lang='lat' dir='ltr'><strong>allinus,</strong></span> <span class='ocrx_word' id='word_1_272' title='bbox 784 3303 942 3382; x_wconf 90' lang='lat' dir='ltr'><strong>iisdemque</strong></span> <span class='ocrx_word' id='word_1_273' title='bbox 965 3301 1111 3360; x_wconf 89' lang='lat' dir='ltr'><strong>erroribus</strong></span> 
     </span>
     <span class='ocr_line' id='line_1_37' title="bbox 91 3383 1111 3470; baseline -0.006 -21"><span class='ocrx_word' id='word_1_274' title='bbox 91 3388 227 3462; x_wconf 81' lang='lat' dir='ltr'><strong>imbutas,</strong></span> <span class='ocrx_word' id='word_1_275' title='bbox 247 3409 301 3450; x_wconf 87' lang='lat' dir='ltr'><strong>nec</strong></span> <span class='ocrx_word' id='word_1_276' title='bbox 319 3410 388 3450; x_wconf 89' lang='lat' dir='ltr'><strong>saue</strong></span> <span class='ocrx_word' id='word_1_277' title='bbox 406 3410 512 3470; x_wconf 91' lang='lat' dir='ltr'><strong>pancas</strong></span> <span class='ocrx_word' id='word_1_278' title='bbox 530 3389 580 3448; x_wconf 90' lang='lat' dir='ltr'><strong>sub</strong></span> <span class='ocrx_word' id='word_1_279' title='bbox 599 3383 766 3467; x_wconf 79' lang='lat' dir='ltr'><strong>imaginario</strong></span> <span class='ocrx_word' id='word_1_280' title='bbox 786 3387 906 3468; x_wconf 89' lang='lat' dir='ltr'><strong>quodam</strong></span> <span class='ocrx_word' id='word_1_281' title='bbox 923 3384 1012 3446; x_wconf 83' lang='lat' dir='ltr'><strong>veluti</strong></span> <span class='ocrx_word' id='word_1_282' title='bbox 1030 3405 1111 3462; x_wconf 79' lang='lat' dir='ltr'><strong>gras-</strong></span> 
     </span>
     <span class='ocr_line' id='line_1_38' title="bbox 91 3472 1158 3554; baseline -0.001 -19"><span class='ocrx_word' id='word_1_283' title='bbox 91 3476 180 3536; x_wconf 87' lang='lat' dir='ltr'><strong>santis</strong></span> <span class='ocrx_word' id='word_1_284' title='bbox 202 3474 288 3535; x_wconf 91' lang='lat' dir='ltr'><strong>hodie</strong></span> <span class='ocrx_word' id='word_1_285' title='bbox 312 3476 519 3554; x_wconf 89' lang='lat' dir='ltr'><strong>persecutionis</strong></span> <span class='ocrx_word' id='word_1_286' title='bbox 542 3474 659 3534; x_wconf 89' lang='lat' dir='ltr'><strong>obtentu</strong></span> <span class='ocrx_word' id='word_1_287' title='bbox 681 3473 903 3535; x_wconf 88' lang='lat' dir='ltr'><strong>inobedientiam</strong></span> <span class='ocrx_word' id='word_1_288' title='bbox 927 3482 957 3533; x_wconf 90' lang='lat' dir='ltr'><strong>ct</strong></span> <span class='ocrx_word' id='word_1_289' title='bbox 979 3472 1158 3550; x_wconf 79' lang='lat' dir='ltr'><strong>persica-us</strong></span> 
     </span>
     <span class='ocr_line' id='line_1_39' title="bbox 91 3557 1110 3640; baseline -0.007 -18"><span class='ocrx_word' id='word_1_290' title='bbox 91 3561 164 3622; x_wconf 90' lang='lat' dir='ltr'><strong>ciam</strong></span> <span class='ocrx_word' id='word_1_291' title='bbox 175 3561 343 3635; x_wconf 87' lang='lat' dir='ltr'><strong>nutrientes,</strong></span> <span class='ocrx_word' id='word_1_292' title='bbox 354 3580 459 3640; x_wconf 88' lang='lat' dir='ltr'><strong>easque</strong></span> <span class='ocrx_word' id='word_1_293' title='bbox 469 3561 542 3620; x_wconf 84' lang='lat' dir='ltr'><strong>falso</strong></span> <span class='ocrx_word' id='word_1_294' title='bbox 554 3558 731 3619; x_wconf 81' lang='lat' dir='ltr'><strong>Christianae</strong></span> <span class='ocrx_word' id='word_1_295' title='bbox 741 3557 1016 3638; x_wconf 87' lang='lat' dir='ltr'><strong>patientiaenomine</strong></span> <span class='ocrx_word' id='word_1_296' title='bbox 1026 3575 1110 3636; x_wconf 88' lang='lat' dir='ltr'><strong>prae·</strong></span> 
     </span>
     <span class='ocr_line' id='line_1_40' title="bbox 90 3643 1110 3728; baseline -0.007 -22"><span class='ocrx_word' id='word_1_297' title='bbox 90 3647 231 3721; x_wconf 81' lang='lat' dir='ltr'><strong>dicantes3</strong></span> <span class='ocrx_word' id='word_1_298' title='bbox 251 3667 320 3728; x_wconf 86' lang='lat' dir='ltr'><strong>quas</strong></span> <span class='ocrx_word' id='word_1_299' title='bbox 334 3658 489 3728; x_wconf 88' lang='lat' dir='ltr'><strong>propterea</strong></span> <span class='ocrx_word' id='word_1_300' title='bbox 502 3645 664 3724; x_wconf 83' lang='lat' dir='ltr'><strong>singulatim</strong></span> <span class='ocrx_word' id='word_1_301' title='bbox 678 3664 832 3707; x_wconf 88' lang='lat' dir='ltr'><strong>recensere</strong></span> <span class='ocrx_word' id='word_1_302' title='bbox 851 3655 881 3705; x_wconf 91' lang='lat' dir='ltr'><strong>et</strong></span> <span class='ocrx_word' id='word_1_303' title='bbox 895 3645 976 3704; x_wconf 86' lang='lat' dir='ltr'><strong>nimis</strong></span> <span class='ocrx_word' id='word_1_304' title='bbox 994 3643 1110 3720; x_wconf 82' lang='lat' dir='ltr'><strong>longum</strong></span> 
     </span>
     <span class='ocr_line' id='line_1_41' title="bbox 90 3727 1111 3809; baseline -0.008 -17"><span class='ocrx_word' id='word_1_305' title='bbox 90 3753 155 3794; x_wconf 86' lang='lat' dir='ltr'><strong>esse</strong></span> <span class='ocrx_word' id='word_1_306' title='bbox 179 3731 307 3793; x_wconf 85' lang='lat' dir='ltr'><strong>duximus</strong></span> <span class='ocrx_word' id='word_1_307' title='bbox 325 3744 356 3793; x_wconf 91' lang='lat' dir='ltr'><strong>ct</strong></span> <span class='ocrx_word' id='word_1_308' title='bbox 377 3733 491 3793; x_wconf 89' lang='lat' dir='ltr'><strong>minime</strong></span> <span class='ocrx_word' id='word_1_309' title='bbox 514 3731 719 3803; x_wconf 87' lang='lat' dir='ltr'><strong>necessarium,</strong></span> <span class='ocrx_word' id='word_1_310' title='bbox 743 3752 777 3791; x_wconf 92' lang='lat' dir='ltr'><strong>ac</strong></span> <span class='ocrx_word' id='word_1_311' title='bbox 802 3729 922 3802; x_wconf 90' lang='lat' dir='ltr'><strong>demum,</strong></span> <span class='ocrx_word' id='word_1_312' title='bbox 942 3728 1016 3809; x_wconf 92' lang='lat' dir='ltr'><strong>quod</strong></span> <span class='ocrx_word' id='word_1_313' title='bbox 1034 3727 1111 3786; x_wconf 87' lang='lat' dir='ltr'><strong>into-</strong></span> 
     </span>
     <span class='ocr_line' id='line_1_42' title="bbox 89 3811 1109 3897; baseline -0.006 -20"><span class='ocrx_word' id='word_1_314' title='bbox 89 3817 238 3878; x_wconf 85' lang='lat' dir='ltr'><strong>lerabilius</strong></span> <span class='ocrx_word' id='word_1_315' title='bbox 257 3829 314 3892; x_wconf 90' lang='lat' dir='ltr'><strong>est,</strong></span> <span class='ocrx_word' id='word_1_316' title='bbox 338 3838 449 3879; x_wconf 86' lang='lat' dir='ltr'><strong>sacrum</strong></span> <span class='ocrx_word' id='word_1_317' title='bbox 467 3819 557 3897; x_wconf 88' lang='lat' dir='ltr'><strong>ipsum</strong></span> <span class='ocrx_word' id='word_1_318' title='bbox 575 3816 640 3896; x_wconf 87' lang='lat' dir='ltr'><strong>novi</strong></span> <span class='ocrx_word' id='word_1_319' title='bbox 658 3819 819 3877; x_wconf 88' lang='lat' dir='ltr'><strong>testamenti</strong></span> <span class='ocrx_word' id='word_1_320' title='bbox 838 3825 945 3875; x_wconf 88' lang='lat' dir='ltr'><strong>textum</strong></span> <span class='ocrx_word' id='word_1_321' title='bbox 964 3811 1109 3874; x_wconf 89' lang='lat' dir='ltr'><strong>damnabi-</strong></span> 
     </span>
    </p>
   </div>
   <div class='ocr_carea' id='block_1_3' title="bbox 88 3891 1302 4050">
    <p class='ocr_par' dir='ltr' id='par_1_10' title="bbox 88 3891 1302 4050">
     <span class='ocr_line' id='line_1_43' title="bbox 88 3891 1302 4050; baseline -0.001 -88"><span class='ocrx_word' id='word_1_322' title='bbox 88 3903 157 3963; x_wconf 87' lang='lat' dir='ltr'><strong>liter</strong></span> <span class='ocrx_word' id='word_1_323' title='bbox 178 3905 308 3964; x_wconf 88' lang='lat' dir='ltr'><strong>vitiatum</strong></span> <span class='ocrx_word' id='word_1_324' title='bbox 333 3905 537 3984; x_wconf 87' lang='lat' dir='ltr'><strong>comperimus,</strong></span> <span class='ocrx_word' id='word_1_325' title='bbox 565 3913 595 3961; x_wconf 89' lang='lat' dir='ltr'><strong>et</strong></span> <span class='ocrx_word' id='word_1_326' title='bbox 616 3901 700 3961; x_wconf 90' lang='lat' dir='ltr'><strong>alteri</strong></span> <span class='ocrx_word' id='word_1_327' title='bbox 723 3900 825 3962; x_wconf 88' lang='lat' dir='ltr'><strong>dudum</strong></span> <span class='ocrx_word' id='word_1_328' title='bbox 848 3901 1020 4050; x_wconf 66' lang='lat' dir='ltr'><strong>repquatac</strong></span> <span class='ocrx_word' id='word_1_329' title='bbox 1042 3917 1109 3958; x_wconf 90' lang='lat' dir='ltr'><strong>ver·</strong></span> <span class='ocrx_word' id='word_1_330' title='bbox 1290 3891 1302 4024; x_wconf 50' lang='lat' dir='ltr'><strong>p</strong></span> 
     </span>
    </p>
   </div>
   <div class='ocr_carea' id='block_1_4' title="bbox 0 0 1328 4336">
    <p class='ocr_par' dir='ltr' id='par_1_11' title="bbox 0 0 1328 4336">
     <span class='ocr_line' id='line_1_44' title="bbox 0 0 1328 4336; baseline 0 4"><span class='ocrx_word' id='word_1_331' title='bbox 0 0 1328 4336; x_wconf 95' lang='lat' dir='ltr'><strong> </strong></span> 
     </span>
    </p>
   </div>
  </div>
 </body>
</html>
