2654 4330
227 249 299 305 m
393 243 688 334 SESSIO‘XXW.
722 244 782 297 DE
808 243 1077 320 REFQRMAT.

229 388 298 448 lauti
316 387 428 464 integre
447 397 513 446 acta
530 381 605 447 intra
622 395 732 464 tempus
750 381 945 454 traderentur,
968 382 1004 443 ad
1028 383 1147 444 eandem
1171 383 1256 464 dupli

229 491 359 550 poenam,
378 481 463 550 prout
481 489 576 550 supra,
595 480 740 542 tenentum
759 489 816 527 non
835 467 1021 540 obstantibus,
1041 468 1135 548 quoad
1154 472 1254 529 omnia

229 558 430 636 suprascripta,
448 555 617 636 privilegiis,
635 553 761 626 indultis,
780 552 953 625 concordiis,
972 572 1044 634 quae
1059 574 1126 614 snos
1140 565 1254 614 tantum

230 649 348 702 teneant
369 652 512 713 auctores,
532 650 562 700 et
579 640 643 700 aliis
662 639 873 719 quibuscunque
892 637 1153 699 consuetudinibus.

228 781 254 828 c.
274 779 346 826 xxi.
383 777 560 838 Declaratur,
584 790 619 824 er
637 777 716 824 certis
733 778 817 824 serbis
835 789 916 837 snpra
935 778 1029 836 positis
1047 790 1097 823 non
1115 779 1254 824 immutare·

290 848 394 894 solitam
413 849 541 893 rationem
561 845 697 892 tractandi
711 848 815 905 negotia
837 848 865 892 iss
880 845 1043 906 generalibus
1060 845 1184 892 conciliis.

313 929 436 1009 Cupiens
454 939 554 988 sancta
571 926 705 1007 synodus,
724 937 756 985 ut
774 947 811 986 cx
828 926 953 988 decretis
971 927 1006 987 ab
1021 947 1056 988 ea
1069 926 1154 988 editis
1173 930 1254 987 nulia

228 1034 347 1094 unquam
357 1015 459 1073 futuris
473 1012 649 1092 temporibus
663 1010 809 1070 dubitandi
823 1015 939 1072 occasio
954 1014 1071 1085 oriatur,
1085 1013 1176 1072 verba
1189 1015 1254 1084 illa,

227 1101 321 1178 posita
339 1100 368 1156 in
387 1097 506 1157 decreto
524 1097 670 1176 publicato
688 1098 816 1156 sessione
834 1099 924 1176 prima
942 1097 992 1156 snb
1010 1099 1177 1157 beatissimo
1196 1097 1254 1157 do-

228 1185 303 1240 mino
322 1193 420 1242 nostro
430 1181 483 1241 Pio
494 1179 545 1241 IV.
557 1184 600 1256 ¹),
611 1181 760 1240 videlicet:
790 1185 873 1259 ‘Quae
886 1184 1122 1260 proponentibus
1139 1185 1251 1261 legatis

121 1337 126 1342 ¹
229 1283 264 1328 ce
277 1267 518 1346 praesidentibus
536 1269 577 1326 ad
592 1267 694 1326 dorum
714 1277 870 1346 temporum
895 1269 1034 1328 levandos
1052 1269 1252 1341 calamitates,

226 1354 374 1412 sedandas
391 1353 428 1410 de
445 1353 593 1429 religione
611 1354 842 1424 controuersias,
861 1355 1039 1422 coercendus
1057 1354 1179 1435 langues
1197 1357 1251 1413 do-

225 1438 318 1507 iosns‚
348 1439 575 1515 depravatorum
600 1455 711 1495 mearum
739 1436 846 1496 abusus
867 1439 1075 1516 corrigendos,
1104 1439 1248 1498 ecclcsiae

226 1541 324 1580 veram
348 1532 381 1580 et
398 1522 595 1581 Cdrrbtiunnm
615 1540 719 1600 pacem
743 1523 972 1594 conciliandum,
997 1533 1069 1604 opta
1091 1534 1122 1582 et
1139 1522 1247 1584 abanec

225 1607 286 1685 ipsi
300 1617 421 1667 sanetae
438 1608 550 1684 synodo
570 1606 760 1677 videbuntur,
784 1605 954 1685 explicando
973 1605 1116 1679 declarat,
1145 1610 1249 1668 mentis

224 1711 293 1750 suae
312 1712 369 1750 non
387 1693 489 1762 tuisse,
516 1702 548 1750 ut
564 1711 602 1752 ex
618 1690 775 1770 praedietis
791 1691 888 1751 verbis
905 1693 991 1752 solita
1008 1694 1083 1751 ratio
1101 1693 1247 1753 tractandi

226 1778 343 1854 negotia
372 1778 401 1848 in
426 1775 608 1854 generalibus
636 1777 768 1837 conciliis
794 1775 852 1836 ulla
878 1789 1018 1855 exparte
1042 1778 1245 1851 immutaretur,

111 1879 115 1884 ·
225 1879 317 1940 neque
336 1863 401 1920 novi
421 1863 579 1941 quicquam,
597 1873 715 1941 praeter
731 1860 770 1934 id,
789 1860 865 1942 quod
882 1881 901 1921 a
917 1863 1009 1922 sacris
1027 1863 1186 1924 canonibus
1203 1858 1246 1923 vei

225 1947 401 2024 generalium
424 1946 599 2027 synodorum
620 1949 714 2008 torma
731 1947 869 2010 bactcnus
886 1957 1019 2008 statutum
1038 1959 1096 2020 est,
1116 1951 1246 2028 cuiquam

225 2031 381 2092 adderetur
397 2033 443 2092 vel
462 2031 674 2093 detraheretur.
1081 2029 1084 2034 ’

173 2168 212 2210 254
568 2163 671 2206 hdietio
680 2161 773 2220 intorte
783 2163 905 2208 sessionis.

309 2236 429 2316 insuper
455 2235 555 2296 eadem
583 2248 768 2297 sacrosancta
791 2236 917 2316 synodus
943 2238 1100 2316 proximam
1123 2239 1246 2299 futuram

225 2320 380 2382 sessionem
399 2322 472 2383 feria
495 2323 591 2404 quinta
608 2333 675 2402 post
693 2325 910 2403 conceptionem
929 2322 1032 2382 beatae
1049 2322 1161 2383 Mariae
1181 2324 1247 2383 Vir·
1315 2353 1316 2431 p

223 2409 307 2488 ginis,
328 2427 399 2486 qnae
419 2409 476 2467 erit
493 2406 555 2468 dies
573 2428 649 2468 nona
667 2410 771 2469 mensis
788 2407 957 2469 Decembris
974 2409 1103 2487 proxime
1121 2411 1246 2482 venturi,

223 2490 381 2572 habendam
400 2511 464 2551 esse
482 2494 630 2552 statuit'et
647 2490 787 2566 decernit,
807 2514 870 2554 cum
888 2503 1031 2573 potestate
1045 2494 1247 2554 etiamabbre-

221 2575 327 2636 viandi.
372 2577 404 2638 ln
432 2597 486 2656 qua
513 2579 642 2637 sessione
668 2578 840 2639 tractabitur
865 2577 901 2638 de
928 2589 1009 2639 sexto
1037 2598 1111 2638 nune
1135 2581 1246 2640 ineam
1314 2609 1315 2636 r

223 2662 311 2741 dilato
336 2663 445 2742 capite,
469 2661 557 2723 etde
580 2664 697 2742 reliquis
719 2665 933 2724 reformationis
956 2663 1095 2744 capitibus
1118 2665 1177 2724 iam
1197 2685 1247 2726 cx·
1314 2641 1315 2713 b

222 2747 334 2819 bibitis,
353 2746 445 2827 deque
469 2748 532 2808 abiis
554 2748 590 2810 ad
615 2768 676 2809 earn
694 2750 913 2828 pertinentibus.
963 2747 995 2808 Si
1013 2768 1082 2808 vero
1107 2762 1247 2830 opportu-

222 2854 286 2894 num
304 2832 462 2906 videbitur,
481 2845 511 2894 et
529 2845 638 2914 tempus
656 2839 794 2914 patietur,
818 2837 925 2914 poterit
943 2835 1029 2893 etiam
1047 2832 1083 2892 de
1102 2837 1247 2895 nonnnilis

223 2919 403 2999 dogmatibus
426 2923 560 2993 tractari,
584 2931 670 3000 prout
691 2939 743 2979 sno
766 2931 896 2999 tempore
918 2921 947 2978 in
972 2923 1246 2999 congregationibus
1313 2927 1314 2997 p

222 3016 427 3085 proponentur.

307 3090 495 3151 Abbrens'nte
513 3100 559 3151 est
575 3091 637 3150 dies
654 3093 800 3150 sessionis.

275 3314 349 3358 Sese.
359 3311 452 3356 xxlv.
475 3316 496 3366 ¹)
507 3312 538 3356 ei.
549 3311 613 3357 Sese.
624 3311 704 3355 xvir.
716 3312 739 3354 in
750 3313 825 3366 peine.
