2654 4330
186 201 193 214 ’
255 198 938 314 ¹sessroxurv.rnnrtrnroumur.
1027 235 1111 296 m
1185 208 1189 222 '

144 377 170 422 c.
186 375 219 422 Χ.
254 373 409 436 Nuptiarum
427 361 596 426 solennitates
606 378 694 426 nerse
712 379 866 438 temporibus
881 377 1058 440 prohiberetur.

176 459 221 517 Ab
242 458 375 520 Adventu
397 459 511 520 Domini
539 461 628 520 nostri
650 461 716 522 lesu
739 462 845 522 Christi
871 483 960 542 nsque
984 465 1013 522 in
1035 463 1110 525 diem

97 545 282 624 Epiphaniae,
301 556 331 606 et
352 564 369 604 a
387 547 460 606 feria
473 557 579 627 quarta
602 545 735 607 Cinctum
754 567 842 627 usqne
860 549 889 607 iu
907 559 1038 608 octavam
1056 549 1112 612 Pa-

98 632 196 692 sehatis
214 630 361 702 inclusive,
380 633 509 710 antiquas
523 631 681 692 solennium
695 634 854 712 nuptiarum
864 633 1072 712 prohibitiones
1085 637 1110 709 ¹)

98 715 245 793 diligenter
267 715 303 774 ab
322 716 450 776 omnibus
469 717 616 777 observari
638 729 737 778 sancta
759 717 885 798 synodus
903 720 1059 797 praeeipit;
1084 721 1112 778 in

97 801 155 860 aliis
172 820 241 862 vero
270 801 444 880 temporibus
471 805 582 881 nuptias
608 803 768 862 solenniter
793 803 936 864 celebrari
962 805 1111 883 permittit,

98 905 161 964 quas
182 887 325 965 episcopi,
349 897 380 946 ut
402 907 438 946 ea
458 907 515 967 qun
536 886 622 948 decet
639 888 785 952 modestia
807 900 837 948 et
859 889 1010 948 honestate
1034 890 1113 961 liant,

100 971 239 1032 curabunt.
303 968 411 1032 Sancta
446 975 520 1032 enim
557 992 605 1032 res
636 983 680 1032 est
711 975 917 1036 matrimonium
954 985 985 1033 et
1013 983 1114 1034 sancte

95 1053 278 1118 tractandum.

250 1231 490 1279 DECRETUM
516 1233 569 1278 DE
595 1233 950 1281 DEFDDMANDNE.

176 1328 285 1389 Eadem
303 1339 489 1390 sacrosancta
507 1328 640 1409 synodus,
656 1331 872 1401 ,reformationis
886 1333 1032 1392 materiam
1046 1351 1115 1411 pro-

94 1433 222 1493 sequens,
242 1415 317 1474 haee
336 1415 528 1494 inpraesenti
547 1417 675 1475 sessione
694 1415 844 1476 statuenda
862 1416 1002 1478 decernit.

99 1552 123 1598 C.
139 1553 156 1600 L
190 1552 291 1601 Nema
304 1551 462 1613 procedendi
477 1553 513 1600 ad
525 1555 682 1600 creationem
699 1557 872 1614 cpiscoporum
890 1561 918 1600 et
935 1554 1115 1602 cardinalium.
1128 1568 1168 1614 m

178 1635 209 1696 Si
226 1640 255 1696 in
275 1637 449 1715 quibuslibet
467 1637 610 1696 ecelesiae
628 1637 763 1714 gradibus
781 1635 1116 1721 providenterselente'n-

101 1739 147 1800 que
165 1722 320 1782 curandum
343 1732 400 1794 est,
428 1731 459 1780 ut
480 1724 508 1780 in
531 1721 644 1781 Domini
667 1721 752 1780 domo
776 1721 845 1780 nihil
865 1723 902 1780 sit
924 1722 1115 1783 inordinatum

99 1806 215 1885 nihilque
247 1816 481 1887 praeposterum,
517 1802 604 1864 multo
641 1809 731 1884 magis
766 1806 988 1877 elaborandum,
1025 1818 1056 1866 ut
1087 1809 1116 1866 iu
1169 1829 1174 1836 ·
1233 1831 1239 1840 ·

102 1891 234 1951 electione
258 1894 335 1962 eius,
360 1894 407 1971 qui
429 1911 515 1971 supra
538 1910 635 1950 omnes
653 1890 759 1969 gradm
779 1893 974 1962 constituitur,
994 1912 1050 1950 non
1069 1911 1116 1950 er-

101 1987 179 2040 retur.
223 1977 299 2036 Nam
319 1979 404 2036 totius
422 1977 546 2035 familiae
565 1975 679 2035 Domini
698 1985 787 2034 status
806 1986 836 2034 et
849 1975 926 2034 ordo
945 1977 1069 2047 nutabit,
1092 1978 1117 2041 si

103 2061 169 2138 quod
190 2063 348 2142 requiritur
369 2064 398 2120 in
422 2079 545 2140 corpore
569 2081 624 2120 non
643 2062 804 2120 inveniatur
825 2063 978 2140 incapite.
1024 2060 1115 2132 Unde,

103 2148 149 2205 etsi
170 2139 278 2222 aliasi)
307 2157 406 2206 sancta
433 2145 558 2226 synodus
585 2145 620 2206 de
648 2144 849 2226 promovendis
876 2145 913 2206 ad
936 2146 1117 2206 cathedrales

102 2241 128 2288 et
144 2235 306 2312 superiores
329 2233 469 2291 ecelesias
492 2233 626 2291 nonnulla
649 2233 758 2292 utiliter
781 2230 924 2304 decrevit,
948 2233 1003 2292 boc
1022 2243 1117 2292 tumen

103 2335 192 2378 munus
208 2316 372 2379 huiusmodi
391 2336 454 2376 esse
473 2328 586 2388 censet,
610 2329 654 2389 nt,
678 2319 702 2376 si
720 2338 773 2397 pro
792 2318 836 2375 rei
854 2316 1048 2394 magnitudine
1067 2337 1118 2390 ex·

101 2401 247 2478 pendatur,
276 2422 418 2482 nunquam
437 2403 505 2461 satis
525 2412 636 2462 cautum
656 2401 692 2462 de
711 2422 746 2462 eo
759 2401 857 2484 ¹videri
874 2403 974 2481 possit.
1019 2403 1117 2482 ltaque

104 2487 205 2559 statuit,
225 2499 265 2560 ut,
287 2507 370 2567 quum
388 2489 506 2567 primum
525 2487 652 2547 eeclesia
668 2487 824 2558 vacaverit,
843 2488 1065 2566 supplicationes
1083 2508 1118 2547 ae

103 2590 196 2646 preces
218 2574 334 2654 publice
357 2573 543 2651 privatimque
567 2573 738 2643 habeantur,
770 2583 855 2650 atque
878 2592 895 2632 a
918 2574 1043 2652 capitulo
1065 2593 1119 2652 per
1163 2644 1165 2656 .

105 2657 238 2730 civitatem
263 2669 295 2717 et
318 2657 474 2716 dioecesim
496 2656 673 2727 indicantur,
702 2657 802 2736 quibus
826 2659 920 2717 clerus
943 2660 1119 2738 populusque

104 2739 198 2802 bonum
225 2765 242 2802 a
266 2743 330 2802 Deo
357 2754 501 2822 pastorem
527 2744 623 2803 valeat
649 2745 815 2822 impetrare.
871 2743 974 2802 Omnes
996 2749 1120 2804 vero'et

102 2826 231 2904 singulos,
251 2831 299 2908 qui
317 2826 352 2885 ad
371 2830 578 2906 promotionem
597 2827 853 2907 praeficiendorum
870 2827 1057 2907 quodeunque
1077 2831 1120 2887 ius

106 2929 262 2992 quacunque
273 2909 385 2972 ratione
404 2933 421 2972 a
439 2911 508 2972 sede
527 2914 687 2992 apostoliea
704 2913 818 2982 habent,
839 2923 887 2970 aut
905 2913 1031 2990 alioquin
1049 2933 1119 2991 ope·

106 3013 159 3056 ram
185 3019 262 3058 sunm
294 3009 454 3078 praestant,
491 2999 560 3058 nihil
588 3001 617 3056 in
649 2999 683 3056 iis
709 3018 762 3076 pro
789 2998 934 3075 praesenti
962 3006 1120 3076 temporum

105 3083 208 3142 ratione
236 3083 412 3155 innovando,
440 3084 571 3143 bortatur
592 3094 628 3146 ,et
654 3093 758 3153 monet,
786 3093 818 3140 ut
843 3083 870 3140 in
898 3084 996 3161 primis
1023 3085 1121 3144 memi-

105 3168 208 3244 nerint,
227 3169 297 3227 nibil
321 3188 351 3228 se
375 3168 411 3230 ad
434 3167 494 3250 ⁰05,
506 3169 627 3248 gloriam
652 3180 682 3228 et
699 3169 867 3248 populorum
886 3169 1004 3228 salutem
1024 3170 1120 3228 utilius

106 3269 183 3326 posse
209 3255 323 3329 iacere,
356 3274 438 3333 quam
465 3256 488 3312 si
516 3255 606 3314 honos
633 3265 763 3332 pastores
790 3265 820 3312 et
846 3255 988 3314 eeclesiae
1016 3255 1121 3332 guber-

107 3337 210 3397 nandae
233 3337 354 3398 idoneos
376 3341 539 3418 promoveri
561 3339 707 3411 studeant,
732 3359 838 3418 eosque
865 3341 966 3398 alienis
992 3342 1122 3418 peccatis

108 3427 342 3484 communicantes
361 3426 521 3484 mortaliter
538 3445 677 3504 peccare,
697 3427 751 3483 nisi
770 3445 841 3504 quos
858 3424 1005 3504 digniores
1024 3436 1055 3484 et
1072 3446 1122 3485 ecs

109 3503 207 3568 elesiae
240 3512 329 3588 magis
356 3512 440 3570 utiles
468 3512 521 3590 ipsi
543 3510 745 3581 iudicaverint,
774 3531 830 3568 non
853 3509 966 3588 quidem
987 3512 1122 3589 precibus
1195 3571 1198 3576 .

74 3645 79 3656 ,
108 3591 149 3648 vel
166 3592 286 3654 humano
305 3595 410 3656 affeetu
429 3607 477 3654 aut
495 3596 677 3655 ambientium
696 3596 936 3674 suggestionibus,
956 3596 1007 3668 sed
1023 3616 1122 3656 eorum

141 3791 230 3852 βω.
244 3793 327 3844 XMV
363 3797 386 3848 il
400 3795 431 3840 ei.
446 3810 465 3839 c.
475 3799 495 3840 8.
510 3798 531 3840 9.
545 3805 621 3852 (conc.
635 3795 707 3839 Laod.
732 3807 752 3836 c.
763 3798 795 3836 1⁰.
811 3797 884 3847 (conc,
899 3793 1032 3847 Satommt.
1058 3808 1079 3838 c.
1090 3798 1122 3836 11.

120 3839 418 3943 rat-stu
432 3843 1001 3943 ne:rerestauruns.a
