<?xml version="1.0" encoding="UTF-8"?>
<!DOCTYPE html PUBLIC "-//W3C//DTD XHTML 1.0 Transitional//EN"
    "http://www.w3.org/TR/xhtml1/DTD/xhtml1-transitional.dtd">
<html xmlns="http://www.w3.org/1999/xhtml" xml:lang="en" lang="en">
 <head>
  <title>
</title>
<meta http-equiv="Content-Type" content="text/html;charset=utf-8" />
  <meta name='ocr-system' content='tesseract 3.04.00' />
  <meta name='ocr-capabilities' content='ocr_page ocr_carea ocr_par ocr_line ocrx_word'/>
</head>
<body>
  <div class='ocr_page' id='page_1' title='image "./canonesetdecret00stergoog_0090.png"; bbox 0 0 2652 4330; ppageno 0'>
   <div class='ocr_carea' id='block_1_1' title="bbox 219 231 1100 297">
    <p class='ocr_par' dir='ltr' id='par_1_1' title="bbox 219 231 1100 297">
     <span class='ocr_line' id='line_1_1' title="bbox 219 231 1100 297; baseline 0.01 -9"><span class='ocrx_word' id='word_1_1' title='bbox 219 231 485 289; x_wconf 71' lang='lat' dir='ltr'><strong>DESMMN.</strong></span> <span class='ocrx_word' id='word_1_2' title='bbox 514 231 575 288; x_wconf 76' lang='grc' dir='ltr'><strong>ΠΕ</strong></span> <span class='ocrx_word' id='word_1_3' title='bbox 599 232 944 294; x_wconf 73' lang='grc' dir='ltr'><strong>ΡΟΕΝΙΤΠΝῊΑ.</strong></span> <span class='ocrx_word' id='word_1_4' title='bbox 1049 235 1100 297; x_wconf 64' lang='grc' dir='ltr'><strong>Ι.</strong></span> 
     </span>
    </p>
   </div>
   <div class='ocr_carea' id='block_1_2' title="bbox 80 371 1229 3088">
    <p class='ocr_par' dir='ltr' id='par_1_2' title="bbox 80 371 1229 3088">
     <span class='ocr_line' id='line_1_2' title="bbox 81 371 1100 454; baseline -0.003 -15"><span class='ocrx_word' id='word_1_5' title='bbox 81 387 109 439; x_wconf 88' lang='lat' dir='ltr'><strong>nt</strong></span> <span class='ocrx_word' id='word_1_6' title='bbox 124 376 194 438; x_wconf 88' lang='lat' dir='ltr'><strong>baec</strong></span> <span class='ocrx_word' id='word_1_7' title='bbox 212 373 447 454; x_wconf 56' lang='lat' dir='ltr'><strong>poenitentiam)</strong></span> <span class='ocrx_word' id='word_1_8' title='bbox 467 392 558 454; x_wconf 83' lang='lat' dir='ltr'><strong>opera</strong></span> <span class='ocrx_word' id='word_1_9' title='bbox 574 372 706 436; x_wconf 70' lang='lat' dir='ltr'><strong>bombos</strong></span> <span class='ocrx_word' id='word_1_10' title='bbox 723 393 787 437; x_wconf 86' lang='lat' dir='ltr'><strong>oum</strong></span> <span class='ocrx_word' id='word_1_11' title='bbox 804 393 874 436; x_wconf 87' lang='lat' dir='ltr'><strong>vero</strong></span> <span class='ocrx_word' id='word_1_12' title='bbox 893 373 979 434; x_wconf 86' lang='lat' dir='ltr'><strong>animi</strong></span> <span class='ocrx_word' id='word_1_13' title='bbox 997 371 1100 436; x_wconf 82' lang='lat' dir='ltr'><strong>dolore</strong></span> 
     </span>
     <span class='ocr_line' id='line_1_3' title="bbox 83 457 1102 542; baseline -0.004 -19"><span class='ocrx_word' id='word_1_14' title='bbox 83 467 267 542; x_wconf 67' lang='lat' dir='ltr'><strong>nequeam.</strong></span> <span class='ocrx_word' id='word_1_15' title='bbox 310 458 438 520; x_wconf 80' lang='lat' dir='ltr'><strong>Accedit</strong></span> <span class='ocrx_word' id='word_1_16' title='bbox 454 457 492 520; x_wconf 86' lang='lat' dir='ltr'><strong>ad</strong></span> <span class='ocrx_word' id='word_1_17' title='bbox 510 460 597 532; x_wconf 88' lang='lat' dir='ltr'><strong>baec,</strong></span> <span class='ocrx_word' id='word_1_18' title='bbox 626 458 716 540; x_wconf 65' lang='grc' dir='ltr'>φειδ,</span> <span class='ocrx_word' id='word_1_19' title='bbox 744 458 810 522; x_wconf 73' lang='lat' dir='ltr'><strong>naa</strong></span> <span class='ocrx_word' id='word_1_20' title='bbox 828 458 1032 523; x_wconf 80' lang='lat' dir='ltr'><strong>satisfaciendo</strong></span> <span class='ocrx_word' id='word_1_21' title='bbox 1050 479 1102 540; x_wconf 77' lang='lat' dir='ltr'><strong>pa-</strong></span> 
     </span>
     <span class='ocr_line' id='line_1_4' title="bbox 80 543 1105 626; baseline 0 -18"><span class='ocrx_word' id='word_1_22' title='bbox 80 552 159 608; x_wconf 88' lang='lat' dir='ltr'><strong>timur</strong></span> <span class='ocrx_word' id='word_1_23' title='bbox 184 565 237 626; x_wconf 86' lang='lat' dir='ltr'><strong>pro</strong></span> <span class='ocrx_word' id='word_1_24' title='bbox 265 546 408 625; x_wconf 85' lang='lat' dir='ltr'><strong>peccatis,</strong></span> <span class='ocrx_word' id='word_1_25' title='bbox 437 543 552 606; x_wconf 85' lang='lat' dir='ltr'><strong>Christo</strong></span> <span class='ocrx_word' id='word_1_26' title='bbox 580 544 659 616; x_wconf 87' lang='lat' dir='ltr'><strong>lesu,</strong></span> <span class='ocrx_word' id='word_1_27' title='bbox 687 545 734 625; x_wconf 88' lang='lat' dir='ltr'><strong>qui</strong></span> <span class='ocrx_word' id='word_1_28' title='bbox 760 564 813 624; x_wconf 82' lang='lat' dir='ltr'><strong>pro</strong></span> <span class='ocrx_word' id='word_1_29' title='bbox 840 547 969 624; x_wconf 86' lang='lat' dir='ltr'><strong>peccatis</strong></span> <span class='ocrx_word' id='word_1_30' title='bbox 996 547 1105 608; x_wconf 75' lang='lat' dir='ltr'><strong>nocuis</strong></span> 
     </span>
     <span class='ocr_line' id='line_1_5' title="bbox 83 629 1229 714; baseline -0.003 -21"><span class='ocrx_word' id='word_1_31' title='bbox 83 634 215 694; x_wconf 77' lang='lat' dir='ltr'><strong>satisfecit</strong></span> <span class='ocrx_word' id='word_1_32' title='bbox 227 632 273 706; x_wconf 87' lang='lat'><strong>²),</strong></span> <span class='ocrx_word' id='word_1_33' title='bbox 300 649 338 690; x_wconf 88' lang='lat' dir='ltr'><strong>ox</strong></span> <span class='ocrx_word' id='word_1_34' title='bbox 356 648 411 714; x_wconf 85' lang='lat' dir='ltr'><strong>qno</strong></span> <span class='ocrx_word' id='word_1_35' title='bbox 431 630 523 689; x_wconf 86' lang='lat' dir='ltr'><strong>omnis</strong></span> <span class='ocrx_word' id='word_1_36' title='bbox 541 641 639 690; x_wconf 88' lang='lat' dir='ltr'><strong>nostra</strong></span> <span class='ocrx_word' id='word_1_37' title='bbox 661 629 831 690; x_wconf 87' lang='lat' dir='ltr'><strong>sufficientia</strong></span> <span class='ocrx_word' id='word_1_38' title='bbox 853 640 899 690; x_wconf 89' lang='lat' dir='ltr'><strong>est</strong></span> <span class='ocrx_word' id='word_1_39' title='bbox 911 631 956 705; x_wconf 59' lang='grc' dir='ltr'><strong>ὓ),</strong></span> <span class='ocrx_word' id='word_1_40' title='bbox 985 632 1103 690; x_wconf 90' lang='lat' dir='ltr'><strong>confor·</strong></span> <span class='ocrx_word' id='word_1_41' title='bbox 1220 678 1229 690; x_wconf 89' lang='lat'>.</span> 
     </span>
     <span class='ocr_line' id='line_1_6' title="bbox 83 713 1156 796; baseline -0.004 -17"><span class='ocrx_word' id='word_1_42' title='bbox 83 739 134 778; x_wconf 91' lang='lat' dir='ltr'><strong>mes</strong></span> <span class='ocrx_word' id='word_1_43' title='bbox 159 716 311 787; x_wconf 87' lang='lat' dir='ltr'><strong>efficimur,</strong></span> <span class='ocrx_word' id='word_1_44' title='bbox 348 713 536 776; x_wconf 75' lang='lat' dir='ltr'><strong>certissimam</strong></span> <span class='ocrx_word' id='word_1_45' title='bbox 564 733 677 796; x_wconf 83' lang='lat' dir='ltr'><strong>quoque</strong></span> <span class='ocrx_word' id='word_1_46' title='bbox 701 713 776 775; x_wconf 82' lang='lat' dir='ltr'><strong>inde</strong></span> <span class='ocrx_word' id='word_1_47' title='bbox 807 715 921 776; x_wconf 87' lang='lat' dir='ltr'><strong>arrbum</strong></span> <span class='ocrx_word' id='word_1_48' title='bbox 952 715 1102 790; x_wconf 82' lang='lat' dir='ltr'><strong>babentes,</strong></span> <span class='ocrx_word' id='word_1_49' title='bbox 1118 721 1156 764; x_wconf 73' lang='lat'><strong>¹¹⁵</strong></span> 
     </span>
     <span class='ocr_line' id='line_1_7' title="bbox 84 799 1102 884; baseline -0.002 -21"><span class='ocrx_word' id='word_1_50' title='bbox 84 801 163 884; x_wconf 79' lang='lat' dir='ltr'><strong>qnod,</strong></span> <span class='ocrx_word' id='word_1_51' title='bbox 190 803 215 863; x_wconf 86' lang='lat' dir='ltr'><strong>si</strong></span> <span class='ocrx_word' id='word_1_52' title='bbox 240 802 484 882; x_wconf 75' lang='lat' dir='ltr'><strong>compatimur-⁴),</strong></span> <span class='ocrx_word' id='word_1_53' title='bbox 512 811 544 861; x_wconf 89' lang='lat' dir='ltr'><strong>et</strong></span> <span class='ocrx_word' id='word_1_54' title='bbox 566 801 857 880; x_wconf 76' lang='lat' dir='ltr'><strong>conglorificabimur.</strong></span> <span class='ocrx_word' id='word_1_55' title='bbox 906 799 1009 880; x_wconf 82' lang='lat' dir='ltr'><strong>Neque</strong></span> <span class='ocrx_word' id='word_1_56' title='bbox 1032 820 1102 861; x_wconf 89' lang='lat' dir='ltr'><strong>voro</strong></span> 
     </span>
     <span class='ocr_line' id='line_1_8' title="bbox 82 885 1105 966; baseline 0.002 -18"><span class='ocrx_word' id='word_1_57' title='bbox 82 892 118 948; x_wconf 86' lang='lat' dir='ltr'><strong>ita</strong></span> <span class='ocrx_word' id='word_1_58' title='bbox 133 898 231 948; x_wconf 83' lang='lat' dir='ltr'><strong>nostra</strong></span> <span class='ocrx_word' id='word_1_59' title='bbox 249 897 295 947; x_wconf 90' lang='lat' dir='ltr'><strong>est</strong></span> <span class='ocrx_word' id='word_1_60' title='bbox 311 886 471 946; x_wconf 80' lang='lat' dir='ltr'><strong>san&#39;sfactio</strong></span> <span class='ocrx_word' id='word_1_61' title='bbox 489 885 578 957; x_wconf 87' lang='lat' dir='ltr'><strong>baec,</strong></span> <span class='ocrx_word' id='word_1_62' title='bbox 606 905 688 965; x_wconf 70' lang='lat' dir='ltr'><strong>mrum</strong></span> <span class='ocrx_word' id='word_1_63' title='bbox 706 905 759 966; x_wconf 81' lang='lat' dir='ltr'><strong>pro</strong></span> <span class='ocrx_word' id='word_1_64' title='bbox 777 887 906 966; x_wconf 80' lang='lat' dir='ltr'><strong>peccatis</strong></span> <span class='ocrx_word' id='word_1_65' title='bbox 924 888 1031 949; x_wconf 83' lang='lat' dir='ltr'><strong>nostris</strong></span> <span class='ocrx_word' id='word_1_66' title='bbox 1052 907 1105 950; x_wconf 57' lang='lat' dir='ltr'><strong>ex*</strong></span> 
     </span>
     <span class='ocr_line' id='line_1_9' title="bbox 84 970 1106 1051; baseline -0.001 -17"><span class='ocrx_word' id='word_1_67' title='bbox 84 975 221 1044; x_wconf 79' lang='lat' dir='ltr'><strong>mlvimtu,</strong></span> <span class='ocrx_word' id='word_1_68' title='bbox 249 981 283 1030; x_wconf 93' lang='lat' dir='ltr'><strong>nt</strong></span> <span class='ocrx_word' id='word_1_69' title='bbox 302 991 360 1031; x_wconf 79' lang='lat' dir='ltr'><strong>nou</strong></span> <span class='ocrx_word' id='word_1_70' title='bbox 382 971 421 1030; x_wconf 86' lang='lat' dir='ltr'><strong>sit</strong></span> <span class='ocrx_word' id='word_1_71' title='bbox 441 989 496 1050; x_wconf 76' lang='lat' dir='ltr'><strong>per</strong></span> <span class='ocrx_word' id='word_1_72' title='bbox 513 970 657 1032; x_wconf 75' lang='lat' dir='ltr'><strong>Christum</strong></span> <span class='ocrx_word' id='word_1_73' title='bbox 676 970 792 1048; x_wconf 61' lang='lat' dir='ltr'><strong>losnms</strong></span> <span class='ocrx_word' id='word_1_74' title='bbox 812 991 876 1032; x_wconf 80' lang='lat' dir='ltr'><strong>nunu</strong></span> <span class='ocrx_word' id='word_1_75' title='bbox 900 974 948 1051; x_wconf 81' lang='lat' dir='ltr'><strong>qai</strong></span> <span class='ocrx_word' id='word_1_76' title='bbox 966 991 1005 1032; x_wconf 78' lang='lat' dir='ltr'><strong>ex</strong></span> <span class='ocrx_word' id='word_1_77' title='bbox 1021 973 1106 1036; x_wconf 85' lang='lat' dir='ltr'><strong>nobis</strong></span> 
     </span>
     <span class='ocr_line' id='line_1_10' title="bbox 82 1056 1106 1139; baseline -0.001 -20"><span class='ocrx_word' id='word_1_78' title='bbox 82 1071 208 1139; x_wconf 75' lang='lat' dir='ltr'><strong>unquam</strong></span> <span class='ocrx_word' id='word_1_79' title='bbox 225 1077 264 1118; x_wconf 82' lang='lat' dir='ltr'><strong>ax</strong></span> <span class='ocrx_word' id='word_1_80' title='bbox 278 1056 361 1116; x_wconf 87' lang='lat' dir='ltr'><strong>nobis</strong></span> <span class='ocrx_word' id='word_1_81' title='bbox 374 1056 445 1116; x_wconf 88' lang='lat' dir='ltr'><strong>nibil</strong></span> <span class='ocrx_word' id='word_1_82' title='bbox 459 1075 622 1136; x_wconf 82' lang='lat' dir='ltr'><strong>possumus,</strong></span> <span class='ocrx_word' id='word_1_83' title='bbox 641 1075 679 1118; x_wconf 88' lang='lat' dir='ltr'><strong>eo</strong></span> <span class='ocrx_word' id='word_1_84' title='bbox 694 1067 885 1137; x_wconf 74' lang='lat' dir='ltr'><strong>cooperante,</strong></span> <span class='ocrx_word' id='word_1_85' title='bbox 905 1059 1020 1136; x_wconf 79' lang='lat' dir='ltr'><strong>quinos</strong></span> <span class='ocrx_word' id='word_1_86' title='bbox 1034 1078 1106 1120; x_wconf 84' lang='lat' dir='ltr'><strong>con-</strong></span> 
     </span>
     <span class='ocr_line' id='line_1_11' title="bbox 83 1139 1106 1223; baseline 0 -19"><span class='ocrx_word' id='word_1_87' title='bbox 83 1147 176 1217; x_wconf 86' lang='lat' dir='ltr'><strong>fortat,</strong></span> <span class='ocrx_word' id='word_1_88' title='bbox 195 1145 293 1204; x_wconf 72' lang='lat' dir='ltr'><strong>onia</strong></span> <span class='ocrx_word' id='word_1_89' title='bbox 310 1159 460 1222; x_wconf 77' lang='lat' dir='ltr'><strong>possumus</strong></span> <span class='ocrx_word' id='word_1_90' title='bbox 473 1145 513 1216; x_wconf 87' lang='lat'><strong>⁵).</strong></span> <span class='ocrx_word' id='word_1_91' title='bbox 555 1139 599 1204; x_wconf 84' lang='lat' dir='ltr'><strong>lta</strong></span> <span class='ocrx_word' id='word_1_92' title='bbox 615 1161 674 1206; x_wconf 88' lang='lat' dir='ltr'><strong>non</strong></span> <span class='ocrx_word' id='word_1_93' title='bbox 692 1141 781 1204; x_wconf 69' lang='lat' dir='ltr'><strong>habet</strong></span> <span class='ocrx_word' id='word_1_94' title='bbox 798 1142 883 1202; x_wconf 86' lang='lat' dir='ltr'><strong>bomo</strong></span> <span class='ocrx_word' id='word_1_95' title='bbox 901 1141 977 1204; x_wconf 92' lang='lat' dir='ltr'><strong>unda</strong></span> <span class='ocrx_word' id='word_1_96' title='bbox 995 1143 1106 1223; x_wconf 77' lang='lat' dir='ltr'><strong>glorie-</strong></span> 
     </span>
     <span class='ocr_line' id='line_1_12' title="bbox 84 1226 1106 1310; baseline -0.003 -19"><span class='ocrx_word' id='word_1_97' title='bbox 84 1242 136 1304; x_wconf 73' lang='lat' dir='ltr'><strong>uu,</strong></span> <span class='ocrx_word' id='word_1_98' title='bbox 154 1228 205 1290; x_wconf 86' lang='lat' dir='ltr'><strong>scd</strong></span> <span class='ocrx_word' id='word_1_99' title='bbox 222 1229 317 1288; x_wconf 88' lang='lat' dir='ltr'><strong>omnis</strong></span> <span class='ocrx_word' id='word_1_100' title='bbox 334 1228 471 1306; x_wconf 78' lang='lat' dir='ltr'><strong>gloriatio</strong></span> <span class='ocrx_word' id='word_1_101' title='bbox 490 1237 590 1290; x_wconf 87' lang='lat' dir='ltr'><strong>nostra</strong></span> <span class='ocrx_word' id='word_1_102' title='bbox 607 1228 637 1289; x_wconf 93' lang='lat' dir='ltr'><strong>in</strong></span> <span class='ocrx_word' id='word_1_103' title='bbox 656 1226 771 1288; x_wconf 85' lang='lat' dir='ltr'><strong>Cbristo</strong></span> <span class='ocrx_word' id='word_1_104' title='bbox 789 1239 834 1288; x_wconf 83' lang='lat' dir='ltr'><strong>est</strong></span> <span class='ocrx_word' id='word_1_105' title='bbox 846 1228 891 1302; x_wconf 61' lang='grc' dir='ltr'><strong>θ),</strong></span> <span class='ocrx_word' id='word_1_106' title='bbox 910 1229 940 1288; x_wconf 93' lang='lat' dir='ltr'><strong>in</strong></span> <span class='ocrx_word' id='word_1_107' title='bbox 959 1249 1015 1310; x_wconf 79' lang='lat' dir='ltr'><strong>qno</strong></span> <span class='ocrx_word' id='word_1_108' title='bbox 1033 1230 1106 1290; x_wconf 83' lang='lat' dir='ltr'><strong>vivi·</strong></span> 
     </span>
     <span class='ocr_line' id='line_1_13' title="bbox 84 1313 1105 1394; baseline -0.001 -19"><span class='ocrx_word' id='word_1_109' title='bbox 84 1335 136 1376; x_wconf 86' lang='lat' dir='ltr'><strong>nus</strong></span> <span class='ocrx_word' id='word_1_110' title='bbox 147 1317 191 1391; x_wconf 63' lang='grc' dir='ltr'><strong>ἵ),</strong></span> <span class='ocrx_word' id='word_1_111' title='bbox 209 1316 239 1375; x_wconf 90' lang='lat' dir='ltr'><strong>in</strong></span> <span class='ocrx_word' id='word_1_112' title='bbox 254 1331 482 1394; x_wconf 70' lang='lat' dir='ltr'><strong>(ponerentur,</strong></span> <span class='ocrx_word' id='word_1_113' title='bbox 501 1313 531 1372; x_wconf 91' lang='lat' dir='ltr'><strong>in</strong></span> <span class='ocrx_word' id='word_1_114' title='bbox 546 1333 603 1392; x_wconf 84' lang='lat' dir='ltr'><strong>quo</strong></span> <span class='ocrx_word' id='word_1_115' title='bbox 614 1313 820 1386; x_wconf 86' lang='lat' dir='ltr'><strong>satisfacimus,</strong></span> <span class='ocrx_word' id='word_1_116' title='bbox 839 1314 982 1375; x_wconf 86' lang='lat' dir='ltr'><strong>facientes</strong></span> <span class='ocrx_word' id='word_1_117' title='bbox 994 1316 1105 1376; x_wconf 84' lang='lat' dir='ltr'><strong>fruetus</strong></span> 
     </span>
     <span class='ocr_line' id='line_1_14' title="bbox 86 1398 1106 1480; baseline 0 -20"><span class='ocrx_word' id='word_1_118' title='bbox 86 1401 178 1479; x_wconf 80' lang='lat' dir='ltr'><strong>dignos</strong></span> <span class='ocrx_word' id='word_1_119' title='bbox 194 1400 394 1480; x_wconf 85' lang='lat' dir='ltr'><strong>poenitentiae</strong></span> <span class='ocrx_word' id='word_1_120' title='bbox 407 1400 453 1471; x_wconf 81' lang='lat'><strong>⁸),</strong></span> <span class='ocrx_word' id='word_1_121' title='bbox 480 1399 528 1476; x_wconf 76' lang='lat' dir='ltr'><strong>qui</strong></span> <span class='ocrx_word' id='word_1_122' title='bbox 546 1417 584 1458; x_wconf 85' lang='lat' dir='ltr'><strong>ox</strong></span> <span class='ocrx_word' id='word_1_123' title='bbox 601 1398 651 1458; x_wconf 90' lang='lat' dir='ltr'><strong>illo</strong></span> <span class='ocrx_word' id='word_1_124' title='bbox 673 1399 730 1460; x_wconf 81' lang='lat' dir='ltr'><strong>vim</strong></span> <span class='ocrx_word' id='word_1_125' title='bbox 751 1398 872 1472; x_wconf 87' lang='lat' dir='ltr'><strong>babent,</strong></span> <span class='ocrx_word' id='word_1_126' title='bbox 900 1399 935 1460; x_wconf 91' lang='lat' dir='ltr'><strong>ab</strong></span> <span class='ocrx_word' id='word_1_127' title='bbox 959 1400 1010 1461; x_wconf 93' lang='lat' dir='ltr'><strong>illo</strong></span> <span class='ocrx_word' id='word_1_128' title='bbox 1033 1399 1106 1460; x_wconf 80' lang='lat' dir='ltr'><strong>olfe-</strong></span> 
     </span>
     <span class='ocr_line' id='line_1_15' title="bbox 85 1483 1105 1566; baseline -0.001 -20"><span class='ocrx_word' id='word_1_129' title='bbox 85 1497 175 1546; x_wconf 87' lang='lat' dir='ltr'><strong>rcntnr</strong></span> <span class='ocrx_word' id='word_1_130' title='bbox 192 1486 288 1557; x_wconf 84' lang='lat' dir='ltr'><strong>Patri,</strong></span> <span class='ocrx_word' id='word_1_131' title='bbox 308 1495 339 1546; x_wconf 85' lang='lat' dir='ltr'><strong>et</strong></span> <span class='ocrx_word' id='word_1_132' title='bbox 354 1503 409 1564; x_wconf 76' lang='lat' dir='ltr'><strong>per</strong></span> <span class='ocrx_word' id='word_1_133' title='bbox 427 1484 505 1546; x_wconf 89' lang='lat' dir='ltr'><strong>illum</strong></span> <span class='ocrx_word' id='word_1_134' title='bbox 522 1493 714 1563; x_wconf 82' lang='lat' dir='ltr'><strong>acceptantur</strong></span> <span class='ocrx_word' id='word_1_135' title='bbox 730 1505 748 1544; x_wconf 91' lang='lat' dir='ltr'><strong>a</strong></span> <span class='ocrx_word' id='word_1_136' title='bbox 766 1483 863 1546; x_wconf 86' lang='lat' dir='ltr'><strong>Patre.</strong></span> <span class='ocrx_word' id='word_1_137' title='bbox 900 1483 1016 1546; x_wconf 77' lang='lat' dir='ltr'><strong>Debent</strong></span> <span class='ocrx_word' id='word_1_138' title='bbox 1033 1505 1105 1566; x_wconf 75' lang='lat' dir='ltr'><strong>ergo</strong></span> 
     </span>
     <span class='ocr_line' id='line_1_16' title="bbox 86 1567 1105 1650; baseline 0.001 -18"><span class='ocrx_word' id='word_1_139' title='bbox 86 1571 242 1632; x_wconf 83' lang='lat' dir='ltr'><strong>sacerdotes</strong></span> <span class='ocrx_word' id='word_1_140' title='bbox 261 1570 391 1642; x_wconf 80' lang='lat' dir='ltr'><strong>Domini,</strong></span> <span class='ocrx_word' id='word_1_141' title='bbox 411 1580 545 1648; x_wconf 86' lang='lat' dir='ltr'><strong>quantum</strong></span> <span class='ocrx_word' id='word_1_142' title='bbox 563 1569 680 1649; x_wconf 85' lang='lat' dir='ltr'><strong>spiritus</strong></span> <span class='ocrx_word' id='word_1_143' title='bbox 698 1578 730 1628; x_wconf 91' lang='lat' dir='ltr'><strong>ct</strong></span> <span class='ocrx_word' id='word_1_144' title='bbox 745 1567 899 1650; x_wconf 82' lang='lat' dir='ltr'><strong>prudentia</strong></span> <span class='ocrx_word' id='word_1_145' title='bbox 917 1570 1105 1650; x_wconf 73' lang='lat' dir='ltr'><strong>suggesserit,</strong></span> 
     </span>
     <span class='ocr_line' id='line_1_17' title="bbox 85 1656 1108 1738; baseline 0 -20"><span class='ocrx_word' id='word_1_146' title='bbox 85 1677 132 1737; x_wconf 76' lang='lat' dir='ltr'><strong>pro</strong></span> <span class='ocrx_word' id='word_1_147' title='bbox 148 1657 286 1738; x_wconf 73' lang='lat' dir='ltr'><strong>qualitate</strong></span> <span class='ocrx_word' id='word_1_148' title='bbox 306 1656 455 1718; x_wconf 62' lang='lat' dir='ltr'><strong>criminum</strong></span> <span class='ocrx_word' id='word_1_149' title='bbox 472 1666 503 1715; x_wconf 91' lang='lat' dir='ltr'><strong>et</strong></span> <span class='ocrx_word' id='word_1_150' title='bbox 519 1656 728 1734; x_wconf 76' lang='lat' dir='ltr'><strong>paonitentiam</strong></span> <span class='ocrx_word' id='word_1_151' title='bbox 749 1656 887 1719; x_wconf 86' lang='lat' dir='ltr'><strong>facultate</strong></span> <span class='ocrx_word' id='word_1_152' title='bbox 910 1656 1053 1721; x_wconf 78' lang='lat' dir='ltr'><strong>salutares</strong></span> <span class='ocrx_word' id='word_1_153' title='bbox 1076 1667 1108 1718; x_wconf 87' lang='lat' dir='ltr'><strong>ot</strong></span> 
     </span>
     <span class='ocr_line' id='line_1_18' title="bbox 88 1741 1107 1824; baseline 0.002 -22"><span class='ocrx_word' id='word_1_154' title='bbox 88 1744 283 1804; x_wconf 73' lang='lat' dir='ltr'><strong>convenientes</strong></span> <span class='ocrx_word' id='word_1_155' title='bbox 309 1741 522 1804; x_wconf 72' lang='lat' dir='ltr'><strong>satisfactiones</strong></span> <span class='ocrx_word' id='word_1_156' title='bbox 549 1741 714 1819; x_wconf 77' lang='lat' dir='ltr'><strong>iniungere,</strong></span> <span class='ocrx_word' id='word_1_157' title='bbox 742 1761 794 1813; x_wconf 89' lang='lat' dir='ltr'><strong>ae,</strong></span> <span class='ocrx_word' id='word_1_158' title='bbox 820 1742 847 1800; x_wconf 85' lang='lat' dir='ltr'><strong>si</strong></span> <span class='ocrx_word' id='word_1_159' title='bbox 873 1741 951 1802; x_wconf 88' lang='lat' dir='ltr'><strong>forta</strong></span> <span class='ocrx_word' id='word_1_160' title='bbox 976 1743 1107 1824; x_wconf 75' lang='lat' dir='ltr'><strong>peccatis</strong></span> 
     </span>
     <span class='ocr_line' id='line_1_19' title="bbox 88 1825 1109 1910; baseline 0.002 -24"><span class='ocrx_word' id='word_1_161' title='bbox 88 1830 249 1889; x_wconf 72' lang='lat' dir='ltr'><strong>conniveant</strong></span> <span class='ocrx_word' id='word_1_162' title='bbox 268 1837 300 1888; x_wconf 82' lang='lat' dir='ltr'><strong>et</strong></span> <span class='ocrx_word' id='word_1_163' title='bbox 315 1825 511 1910; x_wconf 76' lang='lat' dir='ltr'><strong>indulgentius</strong></span> <span class='ocrx_word' id='word_1_164' title='bbox 530 1845 592 1886; x_wconf 85' lang='lat' dir='ltr'><strong>cnm</strong></span> <span class='ocrx_word' id='word_1_165' title='bbox 610 1826 825 1904; x_wconf 76' lang='lat' dir='ltr'><strong>poenitentibus</strong></span> <span class='ocrx_word' id='word_1_166' title='bbox 843 1838 944 1904; x_wconf 75' lang='lat' dir='ltr'><strong>agam,</strong></span> <span class='ocrx_word' id='word_1_167' title='bbox 963 1829 1109 1890; x_wconf 85' lang='lat' dir='ltr'><strong>levissima</strong></span> 
     </span>
     <span class='ocr_line' id='line_1_20' title="bbox 87 1909 1108 1994; baseline 0 -22"><span class='ocrx_word' id='word_1_168' title='bbox 87 1913 213 1992; x_wconf 78' lang='lat' dir='ltr'><strong>quaedam</strong></span> <span class='ocrx_word' id='word_1_169' title='bbox 232 1931 324 1994; x_wconf 74' lang='lat' dir='ltr'><strong>opera</strong></span> <span class='ocrx_word' id='word_1_170' title='bbox 342 1931 395 1992; x_wconf 83' lang='lat' dir='ltr'><strong>pro</strong></span> <span class='ocrx_word' id='word_1_171' title='bbox 414 1911 589 1990; x_wconf 76' lang='lat' dir='ltr'><strong>gravissimis</strong></span> <span class='ocrx_word' id='word_1_172' title='bbox 607 1909 721 1970; x_wconf 84' lang='lat' dir='ltr'><strong>delictis</strong></span> <span class='ocrx_word' id='word_1_173' title='bbox 739 1909 929 1990; x_wconf 76' lang='lat' dir='ltr'><strong>iniungendo,</strong></span> <span class='ocrx_word' id='word_1_174' title='bbox 948 1913 1108 1974; x_wconf 82' lang='lat' dir='ltr'><strong>alienorum</strong></span> 
     </span>
     <span class='ocr_line' id='line_1_21' title="bbox 86 1994 1107 2078; baseline 0 -20"><span class='ocrx_word' id='word_1_175' title='bbox 86 2011 262 2074; x_wconf 68' lang='lat' dir='ltr'><strong>racemorum</strong></span> <span class='ocrx_word' id='word_1_176' title='bbox 281 1998 438 2078; x_wconf 81' lang='lat' dir='ltr'><strong>participes</strong></span> <span class='ocrx_word' id='word_1_177' title='bbox 457 1995 625 2074; x_wconf 76' lang='lat' dir='ltr'><strong>cfficiuntur.</strong></span> <span class='ocrx_word' id='word_1_178' title='bbox 671 1994 803 2056; x_wconf 81' lang='lat' dir='ltr'><strong>Habeant</strong></span> <span class='ocrx_word' id='word_1_179' title='bbox 824 2005 919 2056; x_wconf 89' lang='lat' dir='ltr'><strong>autem</strong></span> <span class='ocrx_word' id='word_1_180' title='bbox 942 2018 1012 2077; x_wconf 79' lang='lat' dir='ltr'><strong>prae</strong></span> <span class='ocrx_word' id='word_1_181' title='bbox 1036 2017 1107 2058; x_wconf 84' lang='lat' dir='ltr'><strong>ocu·</strong></span> 
     </span>
     <span class='ocr_line' id='line_1_22' title="bbox 87 2082 1156 2168; baseline -0.001 -23"><span class='ocrx_word' id='word_1_182' title='bbox 87 2087 129 2157; x_wconf 87' lang='lat' dir='ltr'><strong>lis,</strong></span> <span class='ocrx_word' id='word_1_183' title='bbox 153 2096 184 2145; x_wconf 88' lang='lat' dir='ltr'><strong>ut</strong></span> <span class='ocrx_word' id='word_1_184' title='bbox 204 2084 382 2154; x_wconf 77' lang='lat' dir='ltr'><strong>satisfactio,</strong></span> <span class='ocrx_word' id='word_1_185' title='bbox 410 2083 672 2162; x_wconf 78' lang='lat' dir='ltr'><strong>quam-imponunt,</strong></span> <span class='ocrx_word' id='word_1_186' title='bbox 695 2101 758 2158; x_wconf 88' lang='lat' dir='ltr'><strong>non</strong></span> <span class='ocrx_word' id='word_1_187' title='bbox 776 2084 814 2143; x_wconf 87' lang='lat' dir='ltr'><strong>sit</strong></span> <span class='ocrx_word' id='word_1_188' title='bbox 832 2091 940 2142; x_wconf 68' lang='lat' dir='ltr'><strong>matum</strong></span> <span class='ocrx_word' id='word_1_189' title='bbox 959 2082 996 2144; x_wconf 89' lang='lat' dir='ltr'><strong>ad</strong></span> <span class='ocrx_word' id='word_1_190' title='bbox 1014 2103 1107 2146; x_wconf 84' lang='lat' dir='ltr'><strong>novae</strong></span> <span class='ocrx_word' id='word_1_191' title='bbox 1153 2163 1156 2168; x_wconf 25' lang='grc' dir='ltr'>Ι</span> 
     </span>
     <span class='ocr_line' id='line_1_23' title="bbox 88 2166 1109 2241; baseline 0.002 -13"><span class='ocrx_word' id='word_1_192' title='bbox 88 2172 155 2231; x_wconf 81' lang='lat' dir='ltr'><strong>uitae</strong></span> <span class='ocrx_word' id='word_1_193' title='bbox 172 2168 349 2241; x_wconf 80' lang='lat' dir='ltr'><strong>custodiam,</strong></span> <span class='ocrx_word' id='word_1_194' title='bbox 375 2179 406 2228; x_wconf 88' lang='lat' dir='ltr'><strong>et</strong></span> <span class='ocrx_word' id='word_1_195' title='bbox 423 2167 594 2230; x_wconf 85' lang='lat' dir='ltr'><strong>infirmitatis</strong></span> <span class='ocrx_word' id='word_1_196' title='bbox 612 2166 864 2240; x_wconf 83' lang='lat' dir='ltr'><strong>medicamentum,</strong></span> <span class='ocrx_word' id='word_1_197' title='bbox 892 2167 943 2231; x_wconf 84' lang='lat' dir='ltr'><strong>sed</strong></span> <span class='ocrx_word' id='word_1_198' title='bbox 961 2172 1047 2232; x_wconf 88' lang='lat' dir='ltr'><strong>etiam</strong></span> <span class='ocrx_word' id='word_1_199' title='bbox 1070 2168 1109 2230; x_wconf 92' lang='lat' dir='ltr'><strong>ad</strong></span> 
     </span>
     <span class='ocr_line' id='line_1_24' title="bbox 87 2252 1108 2334; baseline 0.003 -20"><span class='ocrx_word' id='word_1_200' title='bbox 87 2259 301 2334; x_wconf 70' lang='lat' dir='ltr'><strong>praeteritorum</strong></span> <span class='ocrx_word' id='word_1_201' title='bbox 328 2263 515 2334; x_wconf 76' lang='lat' dir='ltr'><strong>peccatorum</strong></span> <span class='ocrx_word' id='word_1_202' title='bbox 541 2252 696 2314; x_wconf 86' lang='lat' dir='ltr'><strong>vindictam</strong></span> <span class='ocrx_word' id='word_1_203' title='bbox 723 2264 755 2315; x_wconf 88' lang='lat' dir='ltr'><strong>et</strong></span> <span class='ocrx_word' id='word_1_204' title='bbox 781 2255 1015 2332; x_wconf 75' lang='lat' dir='ltr'><strong>castigationem:</strong></span> <span class='ocrx_word' id='word_1_205' title='bbox 1042 2274 1108 2317; x_wconf 91' lang='lat' dir='ltr'><strong>nam</strong></span> 
     </span>
     <span class='ocr_line' id='line_1_25' title="bbox 90 2337 1108 2411; baseline 0.002 -12"><span class='ocrx_word' id='word_1_206' title='bbox 90 2342 174 2402; x_wconf 87' lang='lat' dir='ltr'><strong>claves</strong></span> <span class='ocrx_word' id='word_1_207' title='bbox 192 2339 377 2404; x_wconf 84' lang='lat' dir='ltr'><strong>sacerdotnm</strong></span> <span class='ocrx_word' id='word_1_208' title='bbox 396 2359 454 2400; x_wconf 94' lang='lat' dir='ltr'><strong>non</strong></span> <span class='ocrx_word' id='word_1_209' title='bbox 471 2337 508 2398; x_wconf 95' lang='lat' dir='ltr'><strong>ad</strong></span> <span class='ocrx_word' id='word_1_210' title='bbox 527 2337 693 2399; x_wconf 86' lang='lat' dir='ltr'><strong>solvendum</strong></span> <span class='ocrx_word' id='word_1_211' title='bbox 712 2338 863 2411; x_wconf 80' lang='lat' dir='ltr'><strong>duntaxat,</strong></span> <span class='ocrx_word' id='word_1_212' title='bbox 891 2339 943 2402; x_wconf 88' lang='lat' dir='ltr'><strong>ted</strong></span> <span class='ocrx_word' id='word_1_213' title='bbox 961 2351 992 2403; x_wconf 90' lang='lat' dir='ltr'><strong>et</strong></span> <span class='ocrx_word' id='word_1_214' title='bbox 1013 2339 1050 2402; x_wconf 85' lang='lat' dir='ltr'><strong>ad</strong></span> <span class='ocrx_word' id='word_1_215' title='bbox 1073 2342 1108 2401; x_wconf 91' lang='lat' dir='ltr'><strong>li·</strong></span> 
     </span>
     <span class='ocr_line' id='line_1_26' title="bbox 90 2423 1108 2505; baseline 0.001 -19"><span class='ocrx_word' id='word_1_216' title='bbox 90 2425 201 2502; x_wconf 80' lang='lat' dir='ltr'><strong>gandnm</strong></span> <span class='ocrx_word' id='word_1_217' title='bbox 223 2444 380 2488; x_wconf 85' lang='lat' dir='ltr'><strong>concessas</strong></span> <span class='ocrx_word' id='word_1_218' title='bbox 392 2425 437 2500; x_wconf 77' lang='lat'><strong>⁹),</strong></span> <span class='ocrx_word' id='word_1_219' title='bbox 466 2426 552 2484; x_wconf 84' lang='lat' dir='ltr'><strong>etiarn</strong></span> <span class='ocrx_word' id='word_1_220' title='bbox 571 2425 681 2505; x_wconf 82' lang='lat' dir='ltr'><strong>antiqui</strong></span> <span class='ocrx_word' id='word_1_221' title='bbox 699 2423 802 2498; x_wconf 76' lang='lat' dir='ltr'><strong>Patres</strong></span> <span class='ocrx_word' id='word_1_222' title='bbox 819 2436 850 2486; x_wconf 95' lang='lat' dir='ltr'><strong>et</strong></span> <span class='ocrx_word' id='word_1_223' title='bbox 868 2424 991 2485; x_wconf 85' lang='lat' dir='ltr'><strong>credunt</strong></span> <span class='ocrx_word' id='word_1_224' title='bbox 1007 2437 1038 2488; x_wconf 90' lang='lat' dir='ltr'><strong>et</strong></span> <span class='ocrx_word' id='word_1_225' title='bbox 1055 2425 1108 2487; x_wconf 92' lang='lat' dir='ltr'><strong>do·</strong></span> 
     </span>
     <span class='ocr_line' id='line_1_27' title="bbox 91 2511 1108 2590; baseline 0.005 -22"><span class='ocrx_word' id='word_1_226' title='bbox 91 2522 156 2572; x_wconf 83' lang='lat' dir='ltr'><strong>cent</strong></span> <span class='ocrx_word' id='word_1_227' title='bbox 190 2511 256 2572; x_wconf 86' lang='lat' dir='ltr'><strong>Nec</strong></span> <span class='ocrx_word' id='word_1_228' title='bbox 275 2521 431 2590; x_wconf 85' lang='lat' dir='ltr'><strong>propterea</strong></span> <span class='ocrx_word' id='word_1_229' title='bbox 449 2511 661 2582; x_wconf 84' lang='lat' dir='ltr'><strong>existimarunt,</strong></span> <span class='ocrx_word' id='word_1_230' title='bbox 684 2523 893 2572; x_wconf 88' lang='lat' dir='ltr'><strong>sacramentum</strong></span> <span class='ocrx_word' id='word_1_231' title='bbox 911 2513 1108 2590; x_wconf 85' lang='lat' dir='ltr'><strong>poenitentiae</strong></span> 
     </span>
     <span class='ocr_line' id='line_1_28' title="bbox 90 2595 1108 2677; baseline 0.003 -22"><span class='ocrx_word' id='word_1_232' title='bbox 90 2613 145 2657; x_wconf 84' lang='lat' dir='ltr'><strong>esse</strong></span> <span class='ocrx_word' id='word_1_233' title='bbox 162 2598 257 2660; x_wconf 83' lang='lat' dir='ltr'><strong>forum</strong></span> <span class='ocrx_word' id='word_1_234' title='bbox 274 2599 337 2659; x_wconf 87' lang='lat' dir='ltr'><strong>irae</strong></span> <span class='ocrx_word' id='word_1_235' title='bbox 354 2595 400 2658; x_wconf 89' lang='lat' dir='ltr'><strong>vel</strong></span> <span class='ocrx_word' id='word_1_236' title='bbox 419 2613 589 2674; x_wconf 79' lang='lat' dir='ltr'><strong>poenarum,</strong></span> <span class='ocrx_word' id='word_1_237' title='bbox 612 2596 688 2656; x_wconf 83' lang='lat' dir='ltr'><strong>sicut</strong></span> <span class='ocrx_word' id='word_1_238' title='bbox 705 2615 789 2656; x_wconf 83' lang='lat' dir='ltr'><strong>nemo</strong></span> <span class='ocrx_word' id='word_1_239' title='bbox 807 2615 930 2677; x_wconf 85' lang='lat' dir='ltr'><strong>nuquam</strong></span> <span class='ocrx_word' id='word_1_240' title='bbox 948 2596 1108 2658; x_wconf 84' lang='lat' dir='ltr'><strong>catholicus</strong></span> 
     </span>
     <span class='ocr_line' id='line_1_29' title="bbox 90 2679 1109 2756; baseline 0.001 -16"><span class='ocrx_word' id='word_1_241' title='bbox 90 2683 184 2756; x_wconf 76' lang='lat' dir='ltr'><strong>aendt,</strong></span> <span class='ocrx_word' id='word_1_242' title='bbox 200 2703 238 2744; x_wconf 87' lang='lat' dir='ltr'><strong>ox</strong></span> <span class='ocrx_word' id='word_1_243' title='bbox 251 2679 413 2745; x_wconf 80' lang='lat' dir='ltr'><strong>huiuamodi</strong></span> <span class='ocrx_word' id='word_1_244' title='bbox 426 2684 533 2742; x_wconf 89' lang='lat' dir='ltr'><strong>nostris</strong></span> <span class='ocrx_word' id='word_1_245' title='bbox 546 2681 788 2744; x_wconf 83' lang='lat' dir='ltr'><strong>satisfactionibus</strong></span> <span class='ocrx_word' id='word_1_246' title='bbox 801 2684 857 2744; x_wconf 82' lang='lat' dir='ltr'><strong>vim</strong></span> <span class='ocrx_word' id='word_1_247' title='bbox 872 2683 966 2744; x_wconf 86' lang='lat' dir='ltr'><strong>meriti</strong></span> <span class='ocrx_word' id='word_1_248' title='bbox 980 2692 1011 2745; x_wconf 91' lang='lat' dir='ltr'><strong>et</strong></span> <span class='ocrx_word' id='word_1_249' title='bbox 1024 2684 1109 2744; x_wconf 69' lang='lat' dir='ltr'><strong>satis-</strong></span> 
     </span>
     <span class='ocr_line' id='line_1_30' title="bbox 90 2765 1109 2843; baseline 0.01 -21"><span class='ocrx_word' id='word_1_250' title='bbox 90 2765 214 2830; x_wconf 77' lang='lat' dir='ltr'><strong>factionis</strong></span> <span class='ocrx_word' id='word_1_251' title='bbox 231 2767 347 2832; x_wconf 79' lang='lat' dir='ltr'><strong>Domini</strong></span> <span class='ocrx_word' id='word_1_252' title='bbox 364 2767 456 2826; x_wconf 83' lang='lat' dir='ltr'><strong>nostri</strong></span> <span class='ocrx_word' id='word_1_253' title='bbox 473 2765 539 2827; x_wconf 88' lang='lat' dir='ltr'><strong>losn</strong></span> <span class='ocrx_word' id='word_1_254' title='bbox 558 2765 664 2826; x_wconf 80' lang='lat' dir='ltr'><strong>Christi</strong></span> <span class='ocrx_word' id='word_1_255' title='bbox 681 2767 729 2828; x_wconf 84' lang='lat' dir='ltr'><strong>vel</strong></span> <span class='ocrx_word' id='word_1_256' title='bbox 747 2766 897 2830; x_wconf 87' lang='lat' dir='ltr'><strong>obscurari</strong></span> <span class='ocrx_word' id='word_1_257' title='bbox 911 2770 972 2843; x_wconf 87' lang='lat'><strong>¹⁰),</strong></span> <span class='ocrx_word' id='word_1_258' title='bbox 989 2771 1037 2831; x_wconf 82' lang='lat' dir='ltr'><strong>vel</strong></span> <span class='ocrx_word' id='word_1_259' title='bbox 1054 2770 1109 2832; x_wconf 84' lang='lat' dir='ltr'><strong>ali-</strong></span> 
     </span>
     <span class='ocr_line' id='line_1_31' title="bbox 91 2848 1127 2935; baseline 0.004 -25"><span class='ocrx_word' id='word_1_260' title='bbox 91 2871 139 2929; x_wconf 85' lang='lat' dir='ltr'><strong>qua</strong></span> <span class='ocrx_word' id='word_1_261' title='bbox 154 2873 192 2914; x_wconf 86' lang='lat' dir='ltr'><strong>ex</strong></span> <span class='ocrx_word' id='word_1_262' title='bbox 208 2861 291 2935; x_wconf 79' lang='lat' dir='ltr'><strong>parto</strong></span> <span class='ocrx_word' id='word_1_263' title='bbox 310 2853 450 2925; x_wconf 72' lang='lat' dir='ltr'><strong>imminui,</strong></span> <span class='ocrx_word' id='word_1_264' title='bbox 468 2850 545 2932; x_wconf 84' lang='lat' dir='ltr'><strong>quod</strong></span> <span class='ocrx_word' id='word_1_265' title='bbox 564 2848 630 2915; x_wconf 88' lang='lat' dir='ltr'><strong>dum</strong></span> <span class='ocrx_word' id='word_1_266' title='bbox 647 2862 803 2916; x_wconf 73' lang='lat' dir='ltr'><strong>novatores</strong></span> <span class='ocrx_word' id='word_1_267' title='bbox 820 2853 985 2932; x_wconf 83' lang='lat' dir='ltr'><strong>intelligere</strong></span> <span class='ocrx_word' id='word_1_268' title='bbox 998 2854 1127 2932; x_wconf 60' lang='lat' dir='ltr'><strong>volnntl</strong></span> 
     </span>
     <span class='ocr_line' id='line_1_32' title="bbox 91 2935 1127 3020; baseline 0.001 -25"><span class='ocrx_word' id='word_1_269' title='bbox 91 2938 126 2998; x_wconf 90' lang='lat' dir='ltr'><strong>ita</strong></span> <span class='ocrx_word' id='word_1_270' title='bbox 140 2943 276 3020; x_wconf 64' lang='lat' dir='ltr'><strong>opimam</strong></span> <span class='ocrx_word' id='word_1_271' title='bbox 294 2938 500 3019; x_wconf 82' lang='lat' dir='ltr'><strong>poenitentiam</strong></span> <span class='ocrx_word' id='word_1_272' title='bbox 517 2957 619 3010; x_wconf 78' lang='lat' dir='ltr'><strong>novam</strong></span> <span class='ocrx_word' id='word_1_273' title='bbox 632 2940 718 2998; x_wconf 88' lang='lat' dir='ltr'><strong>vitam</strong></span> <span class='ocrx_word' id='word_1_274' title='bbox 733 2956 798 3001; x_wconf 85' lang='lat' dir='ltr'><strong>esse</strong></span> <span class='ocrx_word' id='word_1_275' title='bbox 812 2938 933 3012; x_wconf 87' lang='lat' dir='ltr'><strong>docent,</strong></span> <span class='ocrx_word' id='word_1_276' title='bbox 952 2950 984 3000; x_wconf 88' lang='lat' dir='ltr'><strong>ut</strong></span> <span class='ocrx_word' id='word_1_277' title='bbox 997 2935 1127 3002; x_wconf 80' lang='lat' dir='ltr'><strong>omnoml</strong></span> 
     </span>
     <span class='ocr_line' id='line_1_33' title="bbox 91 3023 636 3088; baseline 0.004 -8"><span class='ocrx_word' id='word_1_278' title='bbox 91 3025 287 3088; x_wconf 74' lang='lat' dir='ltr'><strong>satimactionis</strong></span> <span class='ocrx_word' id='word_1_279' title='bbox 303 3025 359 3087; x_wconf 86' lang='lat' dir='ltr'><strong>vina</strong></span> <span class='ocrx_word' id='word_1_280' title='bbox 378 3034 409 3082; x_wconf 86' lang='lat' dir='ltr'><strong>ot</strong></span> <span class='ocrx_word' id='word_1_281' title='bbox 425 3043 507 3085; x_wconf 83' lang='lat' dir='ltr'><strong>nrum</strong></span> <span class='ocrx_word' id='word_1_282' title='bbox 524 3023 636 3083; x_wconf 84' lang='lat' dir='ltr'><strong>tollant.</strong></span> 
     </span>
    </p>
   </div>
   <div class='ocr_carea' id='block_1_3' title="bbox 331 3177 1161 3245">
    <p class='ocr_par' dir='ltr' id='par_1_3' title="bbox 331 3177 1161 3245">
     <span class='ocr_line' id='line_1_34' title="bbox 331 3177 1161 3245; baseline 0 -19"><span class='ocrx_word' id='word_1_283' title='bbox 331 3181 358 3231; x_wconf 84' lang='lat' dir='ltr'><strong>c.</strong></span> <span class='ocrx_word' id='word_1_284' title='bbox 376 3179 422 3229; x_wconf 84' lang='lat' dir='ltr'><strong>tx.</strong></span> <span class='ocrx_word' id='word_1_285' title='bbox 460 3177 503 3225; x_wconf 86' lang='lat' dir='ltr'><strong>De</strong></span> <span class='ocrx_word' id='word_1_286' title='bbox 521 3179 639 3238; x_wconf 77' lang='lat' dir='ltr'><strong>operibus</strong></span> <span class='ocrx_word' id='word_1_287' title='bbox 657 3179 861 3245; x_wconf 70' lang='lat' dir='ltr'><strong>satisfactionis.</strong></span> <span class='ocrx_word' id='word_1_288' title='bbox 1124 3181 1161 3226; x_wconf 83' lang='lat' dir='ltr'><strong>ttt</strong></span> 
     </span>
    </p>
   </div>
   <div class='ocr_carea' id='block_1_4' title="bbox 93 3278 1110 3622">
    <p class='ocr_par' dir='ltr' id='par_1_4' title="bbox 93 3278 1110 3622">
     <span class='ocr_line' id='line_1_35' title="bbox 170 3278 1110 3362; baseline 0.003 -20"><span class='ocrx_word' id='word_1_289' title='bbox 170 3280 264 3343; x_wconf 86' lang='lat' dir='ltr'><strong>Docet</strong></span> <span class='ocrx_word' id='word_1_290' title='bbox 285 3292 453 3362; x_wconf 84' lang='lat' dir='ltr'><strong>praeterea,</strong></span> <span class='ocrx_word' id='word_1_291' title='bbox 481 3291 588 3343; x_wconf 81' lang='lat' dir='ltr'><strong>tanum</strong></span> <span class='ocrx_word' id='word_1_292' title='bbox 606 3300 672 3342; x_wconf 86' lang='lat' dir='ltr'><strong>esse</strong></span> <span class='ocrx_word' id='word_1_293' title='bbox 689 3278 802 3345; x_wconf 85' lang='lat' dir='ltr'><strong>divinae</strong></span> <span class='ocrx_word' id='word_1_294' title='bbox 821 3283 1032 3345; x_wconf 79' lang='lat' dir='ltr'><strong>munificentiae</strong></span> <span class='ocrx_word' id='word_1_295' title='bbox 1052 3284 1110 3346; x_wconf 79' lang='lat' dir='ltr'><strong>tar·</strong></span> 
     </span>
     <span class='ocr_line' id='line_1_36' title="bbox 93 3361 1109 3448; baseline 0.011 -25"><span class='ocrx_word' id='word_1_296' title='bbox 93 3364 217 3440; x_wconf 53' lang='lat' dir='ltr'><strong>numm,</strong></span> <span class='ocrx_word' id='word_1_297' title='bbox 243 3379 275 3429; x_wconf 84' lang='lat' dir='ltr'><strong>ut</strong></span> <span class='ocrx_word' id='word_1_298' title='bbox 297 3388 355 3430; x_wconf 87' lang='lat' dir='ltr'><strong>nou</strong></span> <span class='ocrx_word' id='word_1_299' title='bbox 376 3368 467 3429; x_wconf 89' lang='lat' dir='ltr'><strong>solum</strong></span> <span class='ocrx_word' id='word_1_300' title='bbox 490 3369 591 3448; x_wconf 80' lang='lat' dir='ltr'><strong>poenis</strong></span> <span class='ocrx_word' id='word_1_301' title='bbox 609 3377 712 3447; x_wconf 74' lang='lat' dir='ltr'><strong>sponte</strong></span> <span class='ocrx_word' id='word_1_302' title='bbox 730 3361 848 3431; x_wconf 68' lang='lat' dir='ltr'><strong>u&#39;nobis</strong></span> <span class='ocrx_word' id='word_1_303' title='bbox 864 3389 919 3448; x_wconf 82' lang='lat' dir='ltr'><strong>pro</strong></span> <span class='ocrx_word' id='word_1_304' title='bbox 936 3367 1109 3435; x_wconf 82' lang='lat' dir='ltr'><strong>vindicando</strong></span> 
     </span>
     <span class='ocr_line' id='line_1_37' title="bbox 94 3451 1110 3534; baseline 0.011 -25"><span class='ocrx_word' id='word_1_305' title='bbox 94 3462 207 3524; x_wconf 78' lang='lat' dir='ltr'><strong>peccato</strong></span> <span class='ocrx_word' id='word_1_306' title='bbox 226 3456 380 3534; x_wconf 79' lang='lat' dir='ltr'><strong>susceptis,</strong></span> <span class='ocrx_word' id='word_1_307' title='bbox 404 3464 453 3514; x_wconf 88' lang='lat' dir='ltr'><strong>aut</strong></span> <span class='ocrx_word' id='word_1_308' title='bbox 470 3451 633 3526; x_wconf 80' lang='lat' dir='ltr'><strong>sacerdotis</strong></span> <span class='ocrx_word' id='word_1_309' title='bbox 650 3454 770 3516; x_wconf 88' lang='lat' dir='ltr'><strong>arbitrio</strong></span> <span class='ocrx_word' id='word_1_310' title='bbox 788 3473 841 3533; x_wconf 82' lang='lat' dir='ltr'><strong>pro</strong></span> <span class='ocrx_word' id='word_1_311' title='bbox 860 3474 996 3518; x_wconf 87' lang='lat' dir='ltr'><strong>mensura</strong></span> <span class='ocrx_word' id='word_1_312' title='bbox 1010 3453 1110 3520; x_wconf 84' lang='lat' dir='ltr'><strong>delicti</strong></span> 
     </span>
     <span class='ocr_line' id='line_1_38' title="bbox 95 3531 1109 3622; baseline 0.014 -30"><span class='ocrx_word' id='word_1_313' title='bbox 95 3531 238 3614; x_wconf 80' lang='lat' dir='ltr'><strong>impositis,</strong></span> <span class='ocrx_word' id='word_1_314' title='bbox 261 3536 312 3602; x_wconf 86' lang='lat' dir='ltr'><strong>aod</strong></span> <span class='ocrx_word' id='word_1_315' title='bbox 331 3541 431 3613; x_wconf 79' lang='lat' dir='ltr'><strong>ctiam,</strong></span> <span class='ocrx_word' id='word_1_316' title='bbox 455 3538 531 3618; x_wconf 84' lang='lat' dir='ltr'><strong>qnod</strong></span> <span class='ocrx_word' id='word_1_317' title='bbox 549 3540 700 3612; x_wconf 70' lang='lat' dir='ltr'><strong>mammam</strong></span> <span class='ocrx_word' id='word_1_318' title='bbox 717 3541 823 3603; x_wconf 75' lang='lat' dir='ltr'><strong>amomo</strong></span> <span class='ocrx_word' id='word_1_319' title='bbox 840 3552 1037 3622; x_wconf 71' lang='lat' dir='ltr'><strong>argumentum</strong></span> <span class='ocrx_word' id='word_1_320' title='bbox 1055 3553 1109 3618; x_wconf 83' lang='lat' dir='ltr'><strong>eut,</strong></span> 
     </span>
    </p>
   </div>
   <div class='ocr_carea' id='block_1_5' title="bbox 98 3638 299 3663">
    <p class='ocr_par' dir='ltr' id='par_1_5' title="bbox 98 3638 299 3663">
     <span class='ocr_line' id='line_1_39' title="bbox 98 3638 299 3663; baseline 0.005 -1"><span class='ocrx_word' id='word_1_321' title='bbox 98 3638 299 3663; x_wconf 58' lang='lat' dir='ltr'><strong>&#39;&#39;¹¹⁶¹——n-n</strong></span> 
     </span>
    </p>
   </div>
   <div class='ocr_carea' id='block_1_6' title="bbox 97 3697 1112 3976">
    <p class='ocr_par' dir='ltr' id='par_1_6' title="bbox 97 3697 1112 3954">
     <span class='ocr_line' id='line_1_40' title="bbox 143 3697 1110 3762; baseline 0.013 -19"><span class='ocrx_word' id='word_1_322' title='bbox 143 3697 215 3748; x_wconf 77' lang='lat' dir='ltr'><strong>Scau.</strong></span> <span class='ocrx_word' id='word_1_323' title='bbox 229 3701 296 3750; x_wconf 84' lang='lat' dir='ltr'><strong>xlv.</strong></span> <span class='ocrx_word' id='word_1_324' title='bbox 324 3710 344 3762; x_wconf 82' lang='grc'><strong>1)</strong></span> <span class='ocrx_word' id='word_1_325' title='bbox 355 3705 386 3751; x_wconf 88' lang='lat' dir='ltr'><strong>cf.</strong></span> <span class='ocrx_word' id='word_1_326' title='bbox 397 3704 479 3750; x_wconf 71' lang='lat' dir='ltr'><strong>uatttc</strong></span> <span class='ocrx_word' id='word_1_327' title='bbox 491 3705 593 3749; x_wconf 74' lang='lat' dir='ltr'><strong>{llam</strong></span> <span class='ocrx_word' id='word_1_328' title='bbox 601 3709 621 3749; x_wconf 79' lang='lat'><strong>8.</strong></span> <span class='ocrx_word' id='word_1_329' title='bbox 632 3706 674 3751; x_wconf 75' lang='lat' dir='ltr'><strong>lv.</strong></span> <span class='ocrx_word' id='word_1_330' title='bbox 685 3707 717 3748; x_wconf 87' lang='lat' dir='ltr'><strong>tt.</strong></span> <span class='ocrx_word' id='word_1_331' title='bbox 727 3705 772 3749; x_wconf 81' lang='lat' dir='ltr'><strong>Xl.</strong></span> <span class='ocrx_word' id='word_1_332' title='bbox 782 3709 815 3750; x_wconf 75' lang='lat' dir='ltr'><strong>tt.</strong></span> <span class='ocrx_word' id='word_1_333' title='bbox 826 3713 850 3752; x_wconf 83' lang='lat' dir='ltr'><strong>at</strong></span> <span class='ocrx_word' id='word_1_334' title='bbox 859 3707 889 3752; x_wconf 76' lang='lat' dir='ltr'><strong>ul.</strong></span> <span class='ocrx_word' id='word_1_335' title='bbox 900 3732 925 3744; x_wconf 92' lang='lat'><em>-</em></span> <span class='ocrx_word' id='word_1_336' title='bbox 934 3712 956 3761; x_wconf 82' lang='lat'><strong>²)</strong></span> <span class='ocrx_word' id='word_1_337' title='bbox 966 3707 1067 3754; x_wconf 70' lang='lat' dir='ltr'><strong>Domv.</strong></span> <span class='ocrx_word' id='word_1_338' title='bbox 1077 3713 1110 3756; x_wconf 78' lang='lat' dir='ltr'><strong>lo.</strong></span> 
     </span>
     <span class='ocr_line' id='line_1_41' title="bbox 98 3745 1110 3814; baseline 0.013 -21"><span class='ocrx_word' id='word_1_339' title='bbox 98 3745 281 3814; x_wconf 76' lang='lat' dir='ltr'><strong>lloan.lI.l.se</strong></span> <span class='ocrx_word' id='word_1_340' title='bbox 299 3756 564 3811; x_wconf 75' lang='lat' dir='ltr'><strong>.-a)ncar.111.e.</strong></span> <span class='ocrx_word' id='word_1_341' title='bbox 582 3781 608 3790; x_wconf 92' lang='lat'><em>-</em></span> <span class='ocrx_word' id='word_1_342' title='bbox 625 3761 648 3808; x_wconf 79' lang='lat' dir='ltr'><strong>tl</strong></span> <span class='ocrx_word' id='word_1_343' title='bbox 662 3757 848 3802; x_wconf 76' lang='lat' dir='ltr'><strong>ttom.t⁷111.tt.</strong></span> <span class='ocrx_word' id='word_1_344' title='bbox 867 3784 893 3794; x_wconf 93' lang='lat'>-</span> <span class='ocrx_word' id='word_1_345' title='bbox 911 3765 933 3814; x_wconf 73' lang='lat' dir='ltr'><strong>b)</strong></span> <span class='ocrx_word' id='word_1_346' title='bbox 946 3759 1110 3807; x_wconf 70' lang='lat' dir='ltr'><strong>succuba</strong></span> 
     </span>
     <span class='ocr_line' id='line_1_42' title="bbox 97 3797 1112 3858; baseline 0.017 -16"><span class='ocrx_word' id='word_1_347' title='bbox 97 3797 153 3846; x_wconf 85' lang='lat' dir='ltr'><strong>l&#39;lnl.</strong></span> <span class='ocrx_word' id='word_1_348' title='bbox 163 3803 202 3848; x_wconf 88' lang='lat' dir='ltr'><strong>lV.</strong></span> <span class='ocrx_word' id='word_1_349' title='bbox 213 3811 244 3852; x_wconf 63' lang='lat' dir='ltr'><strong>t&amp;</strong></span> <span class='ocrx_word' id='word_1_350' title='bbox 254 3831 279 3844; x_wconf 86' lang='lat'><strong>·-</strong></span> <span class='ocrx_word' id='word_1_351' title='bbox 324 3810 399 3856; x_wconf 68' lang='lat' dir='ltr'><strong>acer.</strong></span> <span class='ocrx_word' id='word_1_352' title='bbox 410 3809 430 3855; x_wconf 88' lang='lat' dir='ltr'><strong>l.</strong></span> <span class='ocrx_word' id='word_1_353' title='bbox 439 3812 473 3852; x_wconf 83' lang='lat' dir='ltr'><strong>tt.</strong></span> <span class='ocrx_word' id='word_1_354' title='bbox 487 3809 565 3852; x_wconf 82' lang='lat' dir='ltr'><strong>2Dor.</strong></span> <span class='ocrx_word' id='word_1_355' title='bbox 573 3807 605 3852; x_wconf 80' lang='lat' dir='ltr'><strong>X.</strong></span> <span class='ocrx_word' id='word_1_356' title='bbox 616 3811 648 3852; x_wconf 76' lang='lat' dir='ltr'><strong>ll.</strong></span> <span class='ocrx_word' id='word_1_357' title='bbox 660 3807 713 3858; x_wconf 73' lang='lat' dir='ltr'><strong>Gal.</strong></span> <span class='ocrx_word' id='word_1_358' title='bbox 723 3808 765 3852; x_wconf 87' lang='lat' dir='ltr'><strong>vt.</strong></span> <span class='ocrx_word' id='word_1_359' title='bbox 776 3813 809 3856; x_wconf 80' lang='lat'><strong>14.</strong></span> <span class='ocrx_word' id='word_1_360' title='bbox 817 3834 844 3846; x_wconf 89' lang='lat'><strong>·-</strong></span> <span class='ocrx_word' id='word_1_361' title='bbox 857 3814 869 3856; x_wconf 82' lang='lat' dir='ltr'><strong>l</strong></span> <span class='ocrx_word' id='word_1_362' title='bbox 890 3809 942 3858; x_wconf 67' lang='lat' dir='ltr'><strong>Aac.</strong></span> <span class='ocrx_word' id='word_1_363' title='bbox 952 3811 1033 3858; x_wconf 83' lang='lat' dir='ltr'><strong>xvtt.</strong></span> <span class='ocrx_word' id='word_1_364' title='bbox 1041 3815 1076 3858; x_wconf 63' lang='grc' dir='ltr'><strong>Β.</strong></span> <span class='ocrx_word' id='word_1_365' title='bbox 1084 3835 1112 3848; x_wconf 89' lang='lat'><strong>··</strong></span> 
     </span>
     <span class='ocr_line' id='line_1_43' title="bbox 99 3849 1111 3954; baseline 0.005 -51"><span class='ocrx_word' id='word_1_366' title='bbox 99 3849 287 3952; x_wconf 49' lang='lat' dir='ltr'><strong>didiffim&#39;a&#39;</strong></span> <span class='ocrx_word' id='word_1_367' title='bbox 322 3857 445 3912; x_wconf 54' lang='grc' dir='ltr'><strong>πολίω.</strong></span> <span class='ocrx_word' id='word_1_368' title='bbox 459 3884 485 3894; x_wconf 92' lang='grc'><strong>-</strong></span> <span class='ocrx_word' id='word_1_369' title='bbox 502 3855 817 3954; x_wconf 47' lang='grc' dir='ltr'><strong>ῬΜιιιΙιᾶᾚΛθῚῐοαιι.</strong></span> <span class='ocrx_word' id='word_1_370' title='bbox 894 3865 928 3908; x_wconf 67' lang='lat' dir='ltr'><strong>tat.</strong></span> <span class='ocrx_word' id='word_1_371' title='bbox 943 3862 1111 3920; x_wconf 66' lang='lat' dir='ltr'><strong>absonam,</strong></span> 
     </span>
    </p>

    <p class='ocr_par' dir='ltr' id='par_1_7' title="bbox 207 3909 1100 3976">
     <span class='ocr_line' id='line_1_44' title="bbox 207 3909 1100 3976; baseline 0.008 -24"><span class='ocrx_word' id='word_1_372' title='bbox 207 3909 449 3969; x_wconf 62' lang='lat' dir='ltr'><strong>addcpoanoam</strong></span> <span class='ocrx_word' id='word_1_373' title='bbox 462 3915 507 3956; x_wconf 81' lang='lat' dir='ltr'><strong>etl</strong></span> <span class='ocrx_word' id='word_1_374' title='bbox 523 3944 528 3953; x_wconf 94' lang='lat'><strong>.</strong></span> <span class='ocrx_word' id='word_1_375' title='bbox 543 3934 567 3944; x_wconf 96' lang='lat'><em>-</em></span> <span class='ocrx_word' id='word_1_376' title='bbox 585 3909 726 3965; x_wconf 66' lang='lat' dir='ltr'><strong>toletanis.</strong></span> <span class='ocrx_word' id='word_1_377' title='bbox 748 3919 888 3958; x_wconf 77' lang='lat' dir='ltr'><strong>.c.can.·tl.</strong></span> <span class='ocrx_word' id='word_1_378' title='bbox 1080 3960 1100 3976; x_wconf 25' lang='grc' dir='ltr'><strong>ι,</strong></span> 
     </span>
    </p>
   </div>
   <div class='ocr_carea' id='block_1_7' title="bbox 0 0 1345 4330">
    <p class='ocr_par' dir='ltr' id='par_1_8' title="bbox 0 0 1345 4330">
     <span class='ocr_line' id='line_1_45' title="bbox 0 0 1345 4330; baseline 0 0"><span class='ocrx_word' id='word_1_379' title='bbox 0 0 1345 4330; x_wconf 95' lang='lat' dir='ltr'><strong> </strong></span> 
     </span>
    </p>
   </div>
  </div>
 </body>
</html>
