2648 4336
208 297 285 360 aas
516 269 925 349 nauusrnmsroa

210 439 361 499 dicentium
384 437 517 497 institutis
538 447 666 496 versatos
689 454 766 505 esse,
789 444 819 493 nt
840 437 869 494 in
892 454 989 494 eorum
1012 432 1227 494 defensionibus

210 525 303 585 minor
316 534 419 595 aestus,
434 523 580 582 accuratio
595 522 686 580 maior
700 517 888 580 desideranda
902 521 1010 578 fuisset:
1029 519 1223 590 Seaadnlosn,

210 610 242 669 ia
259 609 457 669 soncdsst'mos
480 609 615 666 doctores
636 605 804 675 iniuriosa„
823 605 920 684 imptis
945 605 1149 663 damnatorum
1171 622 1225 661 au-

211 703 322 754 ctorum
341 692 523 753 contumeliis
532 688 652 768 suosne.
689 743 691 748 .

294 777 437 837 LXXXll.
461 775 570 854 llegula
592 779 638 838 2³
661 771 949 851 „Multiplicationem
973 771 1102 831 ordinum
1126 785 1164 830 ac·
1179 769 1225 829 di-

209 864 371 922 versitatem
390 861 557 920 naturaliter
574 860 680 918 inferre
698 857 939 936 perturbationem
953 866 983 915 et
996 857 1226 926 confusionem,‘⁴

209 950 275 1006 item
298 949 327 1005 in
349 965 399 1018 eo,
428 944 503 1024 quod
524 945 679 1022 praemittit
700 941 727 1024 ᾗ.
750 950 796 1005 4.:
819 942 1019 1020 „Regularium
1043 939 1226 1014 fundatores,

209 1033 256 1110 qui
274 1041 337 1110 post
355 1031 512 1089 monastica
529 1031 656 1087 instituta
672 1026 849 1106 prodierunt,
870 1024 983 1086 ordines
1001 1024 1225 1106 superaddentes

211 1115 368 1186 ordinibus,
387 1115 605 1174 reformationes
622 1112 883 1183 reformationibus,
902 1112 970 1170 nibil
988 1111 1065 1171 aliud
1082 1111 1225 1184 effecisse,

210 1219 291 1278 quam
314 1201 474 1278 primariam
497 1199 563 1258 mali
586 1216 697 1256 causam
719 1198 809 1274 magis
831 1197 975 1275 magisque
998 1195 1157 1266 dilatare‚“
1182 1229 1227 1244 -—

209 1285 355 1344 intellecta
369 1282 405 1343 dc
420 1282 565 1343 ordinibus
579 1293 608 1342 et
620 1282 755 1342 institutis
768 1300 785 1339 a
798 1292 897 1340 saneta
910 1280 977 1340 sede
993 1281 1129 1360 probatis,
1146 1283 1227 1360 quasi

209 1367 342 1428 distincta
369 1370 478 1446 piorum
501 1386 644 1426 munerum
665 1367 803 1436 varietas,
830 1365 929 1444 quibus
955 1364 1080 1425 distincti
1108 1363 1227 1426 ordines

209 1451 316 1512 addicti
334 1464 406 1524 sunt,
425 1463 524 1511 nature
543 1469 593 1510 sua
610 1450 850 1528 perturbationem
860 1460 899 1510 et
912 1451 1106 1511 confusionem
1121 1470 1226 1529 parere

209 1536 325 1597 debeat:
349 1537 454 1616 Falso,
479 1535 658 1596 calumnioso
681 1537 850 1594 aitsanctus
864 1532 1045 1612 fundatores
1068 1553 1225 1614 corneaque

210 1622 310 1682 ddeles
327 1624 471 1692 alumnos,
491 1631 548 1679 tum
567 1629 597 1678 et
613 1621 643 1678 a'n
662 1623 740 1696 ipsos
756 1639 877 1678 summos
894 1619 1050 1698 Poatrflees
1067 1620 1225 1680 iniurioso.

292 1705 450 1764 LXXXlll.
474 1704 583 1782 licgula
600 1709 640 1775 3.,
660 1723 723 1782 qua,
741 1715 887 1783 postquam
905 1706 1064 1782 praemisit:
1082 1703 1224 1776 „Parvum

208 1809 312 1869 corpus
330 1788 437 1868 degens
455 1790 530 1848 intra
543 1789 653 1848 civilem
667 1789 844 1858 societatem,
863 1790 928 1867 quin
942 1789 1003 1848 fere
1018 1790 1055 1848 sit
1068 1809 1134 1868 pars
1149 1791 1225 1849 eius·

208 1873 286 1947 dem,
308 1893 477 1954 parvamque
496 1873 687 1934 monarchiam
705 1873 767 1951 figit
784 1875 812 1932 in
830 1882 918 1945 statu,
937 1894 1048 1952 semper
1065 1893 1128 1932 esse
1148 1876 1226 1953 peri-

208 1959 372 2030 culosum,“
394 1957 511 2018 subinde
530 1959 585 2019 hoo
604 1959 715 2016 nomine
735 1958 898 2017 criminatur
914 1960 1022 2038 privata
1040 1961 1223 2030 monasteria,

208 2045 363 2102 eommunis
372 2044 492 2102 instituti
501 2044 613 2102 vinculo
624 2042 739 2102 subuno
755 2045 920 2120 praesertim
937 2043 1030 2121 capite
1045 2046 1224 2116 consociata,

206 2129 284 2188 velut
311 2127 452 2208 speciales
473 2126 590 2189 totidem
613 2127 793 2187 monarchias
816 2128 890 2187 civili
914 2128 1086 2207 reipublicae
1109 2132 1225 2207 perieu-

105 2249 125 2297 Ι.
207 2213 283 2272 losas
292 2224 323 2272 et
332 2214 445 2272 noxias:
455 2214 552 2284 Falso,
566 2216 732 2284 temeraria,
743 2213 931 2289 regularibus
940 2213 1081 2272 destitutis
1090 2232 1109 2271 n
1118 2225 1225 2274 sancto

205 2299 274 2356 sede
300 2299 340 2356 ad
363 2299 519 2374 religionis
546 2295 711 2374 profectum
738 2297 910 2374 approbatas
934 2297 1091 2368 incuriosa,
1111 2297 1225 2376 saccas
1318 2289 1319 2358 l

206 2383 420 2441 baereticorum
435 2384 464 2440 in
484 2383 583 2440 eodem
602 2384 735 2440 restituta
754 2375 993 2440 a’asectutr‘om’bus
1012 2392 1044 2440 et
1058 2384 1221 2443 calumniis.

154 2547 254 2606 sobe
275 2556 462 2625 systemate
486 2567 544 2606 seu
568 2546 822 2607 ordinationum
851 2549 1090 2628 complexione
1119 2551 1221 2612 ducta

206 2651 247 2691 ex
268 2631 387 2690 allatis
407 2632 548 2708 regulis,
567 2641 601 2689 et
619 2641 699 2691 ooto
717 2634 941 2712 sequentibus
959 2637 1120 2695 articulis
1136 2657 1221 2696 oom-
1317 2695 1318 2698 ,

327 2715 498 2794 prehensa
519 2735 581 2794 pro
604 2717 854 2777 reformatione
877 2721 1095 2796 regularium.

668 2851 694 2920 §.
716 2823 756 2905 no.

289 2970 445 3030 LXXXlV.
468 2970 531 3029 Art.
553 2978 596 3033 1.:
619 2971 683 3042 „lle
702 2991 757 3030 uno
776 2970 913 3032 dunmxat
930 2973 1029 3032 ordine
1048 2976 1076 3031 in
1095 2967 1221 3033 ecelesia

204 3054 367 3127 retinendo,
383 3073 418 3114 ac
433 3053 469 3113 de
484 3053 631 3132 seligenda
645 3073 714 3133 prae
729 3059 834 3115 ceteris
848 3057 947 3134 regula
960 3059 1050 3116 sancti
1060 3057 1220 3128 benedieti,

204 3159 266 3198 cnm
273 3139 308 3199 ob
314 3141 357 3198 sui
366 3141 576 3218 praestantiam,
587 3150 643 3198 tum
653 3141 689 3199 ob
699 3143 847 3219 praeclara
857 3143 931 3200 illius
941 3141 1047 3202 ordinis
1057 3145 1169 3214 merita,
1179 3143 1221 3202 sic

203 3233 307 3295 tamen,
318 3225 386 3282 utin
397 3225 449 3295 bis,
460 3243 533 3302 quae
542 3227 617 3283 forte
628 3237 781 3284 occurrent
790 3237 945 3304 temporum
957 3226 1114 3286 conditioni
1129 3229 1218 3286 minus

150 3337 151 3342 1
203 3327 339 3388 congrua,
359 3310 487 3366 instituta
499 3311 575 3368 vitae
589 3311 663 3368 ratio
682 3309 756 3388 apud
766 3310 879 3370 Portum
899 3313 1006 3389 regium
1026 3313 1117 3370 lucem
1136 3330 1220 3390 prae·

202 3393 278 3452 ferat
296 3393 332 3452 ad
346 3392 557 3471 explorandum,
578 3393 643 3472 qnid
657 3393 775 3465 addere,
790 3395 855 3473 quid
870 3394 1020 3456 donabere
1036 3399 1220 3456 conveniat.“

286 3483 315 3540 2.
335 3476 401 3548 „Ne
420 3488 567 3555 compotes
585 3478 654 3537 bant
671 3481 886 3540 ecclesiastieae
904 3481 1097 3552 hierarchiae,
1121 3483 1167 3560 qui
1187 3500 1218 3540 sc
1314 3545 1315 3559 ,

201 3561 266 3618 huic
285 3559 377 3618 ordini
396 3561 585 3632 adiunxerint,
605 3581 658 3622 nec
677 3563 712 3623 ad
731 3583 828 3624 sacros
851 3564 966 3624 ordines
988 3576 1217 3643 promoveantur,

201 3654 398 3721 praeterquam
416 3645 451 3703 ad
470 3665 602 3705 summum
622 3666 692 3707 unns
708 3651 754 3707 vel
772 3648 843 3723 dno,
867 3649 994 3708 initiandi
1012 3661 1144 3728 tanquam
1168 3669 1219 3714 en·
1313 3699 1314 3702 ,

89 3771 94 3786 .
201 3728 255 3782 rati
273 3727 317 3784 vel
337 3729 477 3804 capellani
494 3733 673 3803 monasterii,
692 3734 809 3812 reliquis
827 3736 854 3791 in
873 3735 992 3813 simplici
1012 3735 1147 3793 laieorum
1168 3753 1217 3792 or·

200 3808 266 3866 dine
284 3813 525 3875 remanentibus.“

284 3892 315 3955 3.
332 3891 442 3962 „Unum
461 3906 565 3956 tantum
585 3901 614 3957 in
631 3920 796 3982 unaquaque
810 3905 926 3964 civitate
939 3903 1142 3968 admittendum
1154 3923 1217 3964 me·
1312 3963 1313 3994 ,
