2654 4330
140 247 144 251 ’
207 245 462 331 snssroisxu.
498 259 964 318 nnsncntsrcrarssrm
1022 245 1097 322 nnn

84 485 167 546 laudis
189 495 219 544 et
240 485 395 562 gratianum
426 487 562 557 actionis,
592 497 642 545 ant
666 485 768 546 nudam
796 491 1095 553 commemorationem

84 570 208 632 sacrificii
227 571 257 628 in
281 588 368 630 cruce
386 571 515 649 peracti,
545 591 604 631 non
622 581 716 632 ante·
735 573 1021 653 propitieturinm¹)3
1048 574 1096 636 vel

84 658 130 716 soli
147 655 285 736 prodesse
306 657 441 728 sumenti,
464 675 558 736 neque
576 676 630 737 pro
646 658 719 717 vivis
741 667 772 718 et
794 655 937 718 defunctis
954 677 1008 738 pro
1025 677 1097 738 pec·

84 744 164 813 catis,
191 740 312 821 poenis,
338 740 582 802 satisfactionibus
608 753 640 803 et
665 742 729 802 aliis
755 743 977 804 necessitutibus
995 743 1096 806 ollerri

84 825 194 887 debere:
214 825 366 888 anathema
382 827 428 886 sit.

158 911 235 972 Ciu.
251 909 302 972 tv.
340 909 372 970 Si
391 914 452 991 quis
470 910 587 984 dixerit,
605 911 808 993 blasphemium
826 913 952 992 irrogari
974 915 1097 976 eunetis·

83 1000 144 1057 simo
167 997 274 1058 Christi
296 997 441 1058 sacrificio
469 999 498 1058 in
521 1016 609 1058 cruce
636 1008 757 1078 peraeto
784 1016 838 1079 per
859 999 962 1060 missae
985 1000 1097 1060 sacrifl-

83 1081 156 1154 cium,
174 1093 223 1143 aut
240 1083 284 1143 illi
302 1102 355 1162 per
371 1081 428 1143 hoc
447 1081 596 1163 derogari:
615 1083 767 1145 medena
784 1085 830 1143 sit

158 1168 233 1229 Cirr.
248 1165 287 1227 V.
324 1165 356 1228 Si
375 1169 437 1248 gnis
455 1167 575 1241 dixerit,
593 1170 777 1248 imposturam
796 1188 875 1242 esse,
894 1171 994 1232 misens
1017 1172 1096 1232 cele·

83 1253 157 1314 boare
175 1255 203 1315 in
221 1254 362 1314 honorem
381 1265 544 1315 sanctorum
552 1254 601 1336 ²),
620 1265 651 1314 et
676 1274 728 1335 pro
756 1254 868 1316 illorum
886 1255 1095 1318 intercessione

83 1337 146 1416 apud
163 1337 252 1399 Deum
272 1338 443 1413 obtinenda,
471 1341 546 1400 sient
567 1340 693 1400 ecclesia
716 1337 851 1400 intendite
873 1341 1026 1402 nnuthemu
1047 1343 1094 1402 sit

158 1424 234 1485 Cis.
249 1423 303 1484 Vl.
340 1421 372 1484 Si
392 1426 454 1504 quis
472 1423 593 1498 dixerit,
612 1444 750 1485 canonem
769 1427 871 1486 missae
890 1445 1007 1488 errores
1026 1446 1096 1488 con·

84 1510 222 1585 sineret),
241 1508 367 1589 ideoque
386 1509 582 1588 abrogandum
600 1530 679 1572 esse:
699 1511 850 1572 anathema
867 1512 915 1574 sit.

158 1595 233 1656 Cirr.
247 1594 317 1655 Vll.
357 1593 389 1656 Si
407 1597 469 1675 quis
487 1595 594 1658 dixerit
605 1597 646 1672 ⁴),
666 1598 872 1668 caeremonias,
890 1607 986 1657 vestes
1000 1609 1031 1658 et
1044 1616 1097 1657 ex·

85 1689 155 1738 terna
172 1682 263 1760 signa,
286 1681 386 1761 quibus
403 1683 433 1740 in
451 1682 597 1743 missarum
622 1678 821 1743 celebratione
845 1681 971 1743 ecclesis
995 1684 1096 1743 eutho-

84 1763 132 1823 liea
147 1767 246 1838 utitur,
270 1765 422 1826 irritahnla
443 1766 598 1846 impietatis
621 1786 685 1828 esse
703 1769 794 1846 magis
813 1784 895 1848 quarn
918 1767 1012 1828 officia
1033 1769 1096 1850 pie-

85 1852 153 1909 tatis:
171 1852 324 1912 anathema
341 1853 390 1911 sit.

158 1935 234 1998 Cen.
248 1935 330 1998 Vlll.
368 1935 399 1996 si
422 1938 483 2017 quis
502 1935 622 2010 dixerit,
641 1939 754 2010 missus,
777 1937 806 1996 in
830 1935 931 2016 quibus
953 1939 1032 1998 solus
1049 1957 1096 1999 sn·

86 2019 176 2081 cerdos
198 2023 448 2084 sacramentaliter
470 2023 716 2100 commonisset),
748 2023 865 2084 illicitus
887 2041 951 2084 esse
970 2023 1147 2103 ideoquene

85 2104 264 2186 abrogandas:
286 2107 437 2168 anatliema
454 2111 501 2168 sit.
611 2125 613 2129 '

159 2192 234 2255 Can.
248 2191 302 2254 lx.
339 2191 371 2254 Si
389 2196 450 2274 gnis
469 2193 586 2268 dixerit,
604 2192 905 2256 ecclesiaellornunse
923 2197 1018 2267 ritum,
1039 2216 1094 2276 qno

86 2273 208 2338 submissa
230 2297 305 2340 voce
333 2299 401 2358 pars
427 2280 545 2340 canonis
574 2290 605 2340 et
630 2279 720 2341 verba
750 2279 978 2340 consecrationis
996 2284 1096 2361 prole·

87 2373 180 2436 runtur,
199 2363 388 2425 damnandnm
407 2365 525 2440 essc⁶):
545 2375 594 2425 ant
611 2365 709 2443 lingua
726 2375 834 2426 tuntum
854 2365 964 2444 vulgari
981 2367 1095 2427 missam

88 2447 213 2510 celebrari
241 2447 365 2524 debere3
394 2461 443 2511 ant
473 2468 572 2531 aquam
599 2471 656 2510 non
683 2449 857 2510 miscendam
886 2470 950 2512 esse
974 2453 1042 2511 vino
1066 2454 1095 2511 in

88 2532 165 2594 culice
184 2534 392 2608 offerendol),
412 2555 448 2597 eo
468 2535 544 2616 qnod
566 2537 604 2596 sit
622 2547 724 2596 contra
743 2535 849 2596 Christi
872 2536 1095 2598 institutionem:
1190 2589 1193 2597 .

87 2619 221 2681 anathema
238 2621 286 2680 sit.

87 2789 277 2842 BECBE'I'UM
301 2797 350 2842 DE
377 2797 644 2844 onsnnvhrtms
661 2799 708 2844 Et·
725 2796 943 2843 ttvlnsrtms
968 2799 1008 2842 ΙΝ
1035 2798 1096 2846 CE-

369 2883 621 2930 LEBBA'NONE
639 2881 796 2928 runem.

161 2983 269 3057 Quanta
293 3002 363 3044 curu
385 2979 548 3041 adhibenda
570 2981 621 3052 sit,
645 2990 676 3038 nt
693 2988 908 3039 sacrosanctum
927 2980 1030 3040 missae
1048 3000 1096 3040 sa·

88 3066 211 3130 cridcinm
229 3071 306 3130 omni
324 3067 472 3146 religionis
491 3066 569 3126 onitu
586 3085 622 3126 ac
640 3066 827 3126 veneratione
838 3063 1012 3138 celebretur,
1032 3068 1095 3145 qui-

88 3148 122 3207 vis
137 3153 218 3215 laclle
237 3154 401 3216 existimare
424 3152 545 3232 poterit,
570 3152 616 3230 qui
636 3151 783 3229 cogitarit,
802 3145 983 3210 maledictum
1002 3153 1031 3210 in
1050 3172 1096 3212 sa-

89 3235 136 3294 cris
160 3240 248 3300 literis
261 3244 290 3317 ⁸)
316 3259 380 3299 enm
406 3237 523 3309 vocari,
552 3237 599 3316 qni
626 3237 697 3296 lacit
725 3255 795 3316 opus
821 3234 876 3295 Dei
902 3237 1094 3314 negligenter.

90 3316 158 3388 Quod
180 3326 204 3384 si
221 3326 386 3387 necessario
404 3325 542 3393 fatemur,
560 3320 666 3381 nullum
684 3321 760 3382 alind
781 3341 852 3402 opus
868 3319 943 3382 adeo
962 3332 1091 3381 sanctum

87 3420 117 3460 ae
133 3405 249 3471 divinum
267 3431 284 3472 a
304 3410 410 3470 Christi
428 3407 559 3468 fidelibus
577 3409 695 3468 tractaui
713 3427 809 3487 posse,
829 3426 910 3488 qnam
929 3408 986 3468 hoc
1004 3410 1095 3488 ipsu·

89 3494 249 3556 tremendum
266 3497 442 3577 mysterium,
461 3514 517 3575 guo
534 3491 648 3553 vivifice
666 3493 716 3552 illa
733 3493 839 3566 hostia,
858 3513 913 3573 qua
931 3492 996 3554 Deo
1015 3493 1095 3554 Patri

89 3581 255 3643 reconciliati
277 3601 387 3653 snmus,
410 3581 440 3642 iu
467 3579 552 3640 altari
574 3596 628 3659 per
649 3577 820 3639 sacerdotes
842 3578 972 3658 qnotidie
995 3582 1096 3640 immo·

90 3653 165 3724 latus,
190 3668 258 3728 sutis
275 3670 360 3730 etium
379 3675 512 3746 apparet,
536 3683 648 3728 omnem
673 3683 789 3746 operam
813 3674 843 3726 et
865 3662 1041 3742 diligentium
1065 3665 1095 3724 in

93 3797 285 3826 ἣῇ--ι

93 3925 166 3967 bl·
189 3935 378 3993 hiemaret.-
403 3937 598 3993 t)snpr.e.t.-
660 3944 724 3990 supr.
735 3947 754 3978 e.
765 3938 820 3978 1.-
846 3893 1094 3986 8)Ier.XLVlthn'lt⁸f

135 3875 203 3925 Seis.
221 3881 302 3932 xm
329 3887 490 3942 theonem.
505 3906 531 3918 —
556 3885 615 3939 ²)su
632 3897 653 3927 r.
663 3847 749 3927 cit.—
774 3882 970 3940 t)snpr.r.t.-
995 3881 1039 3925 tls
