2654 4330
87 265 93 272 ,
213 221 270 280 u
317 252 320 263 =
414 223 558 281 ΙΗΕΙΟ
576 223 735 280 ΠΗΕ
753 223 1082 281 suscensentis

213 361 386 422 eminentiae
401 361 557 431 exsistens,
576 360 775 441 praescriptae
793 362 1017 422 assecurationis
1035 372 1066 420 et
1083 361 1154 422 salvi
1173 383 1252 432 con·

213 445 315 506 ductus
337 446 457 505 formam
480 444 646 505 atmodum
668 447 698 504 in
716 465 885 526 quecunque
912 457 1019 525 puncto
1040 447 1088 508 vel
1115 448 1252 512 clausula

212 532 372 603 violaverit,
392 529 468 611 quod
486 541 581 590 tanen
599 541 732 592 avertere
751 530 886 610 dignetur
904 531 1099 611 Omnipotens,
1120 542 1151 592 et
1168 535 1252 594 suffi-

213 619 293 678 ciens
300 616 428 677 emenda
449 636 506 676 non
523 617 611 676 luerit
628 635 695 676 mox
711 617 879 688 subsecuta,
898 619 1024 696 ipsorum
1042 618 1164 680 arbitrio
1185 641 1251 681 me·

211 705 268 764 rito
286 701 473 784 approbanda
494 713 525 762 ct
542 700 697 774 laudanda,
724 702 851 764 babeant
872 703 961 781 ipsam
984 702 1125 782 synodum
1144 715 1177 765 et
1195 705 1251 766 ba-

209 788 281 848 bere
303 798 440 868 poteramt
464 785 601 846 incidisse
623 788 653 846 in
681 807 781 848 omnes
806 807 930 870 poenas,
958 807 1028 867 quas
1054 790 1117 848 iure
1146 788 1251 852 divino

210 883 242 933 et
258 873 381 932 humano
403 882 453 932 aut
470 869 677 932 consuetudine
701 871 860 934 huiusmodi
883 874 1025 934 salvorum
1050 873 1251 937 conducturum

209 958 367 1018 violatores
393 958 542 1017 incurrere
568 967 705 1036 possunt,
741 958 847 1038 absque
875 960 952 1020 omni
979 961 1168 1030 excusatione
1198 973 1252 1020 aut

210 1045 308 1122 quavis
326 1044 356 1102 in
373 1042 428 1101 bac
445 1051 529 1122 parte
548 1041 788 1104 contradictione.

620 1185 833 1198 *—

577 1287 759 1340 §Eu-10
786 1289 878 1338 XVI.

432 1377 529 1429 QUAE
552 1377 624 1423 EST
648 1377 776 1422 SEXTA
798 1378 848 1424 ΕΤ
872 1377 1021 1422 Ub'l'lldd

349 1463 450 1531 suu
481 1463 644 1534 muro
673 1465 741 1530 111.
773 1464 933 1530 romu.
962 1465 1106 1570 utu-x„

1322 1523 1324 1552 Ι

609 1589 840 1636 unumunurn
1322 1553 1324 1590 ¹

498 1683 554 1730 nm
571 1683 691 1730 xxvm.
710 1683 839 1729 srnlnls
853 1685 955 1729 uincit.

316 1814 556 1862 DEGRETUM
582 1815 903 1862 SUSPENSIOMS
932 1815 1140 1863 concinit„

295 1911 489 1974 Sacrosancta
508 1916 694 1974 oecumenica
710 1923 743 1972 et
760 1914 904 1992 generalis
917 1911 1086 1973 Tridentina
1104 1915 1247 1994 synodus,
1323 1889 1324 1908 Χ

206 2001 237 2062 in
261 1997 370 2080 Spiritu
392 2010 494 2060 sancto
517 1998 645 2077 legitime
672 2009 876 2077 congregata„
891 1998 1119 2077 praesidentibus
1151 2003 1181 2059 in
1209 2021 1246 2062 ea

206 2084 454 2145 reverendissimis
482 2083 604 2143 dominis
631 2082 803 2144 Sebastiano
830 2085 1050 2163 archiepiscopo
1075 2083 1245 2164 Sipontina,

173 2189 184 2206 ‘
207 2181 238 2230 et
253 2169 376 2250 Aloysio
395 2171 532 2249 episcopo
551 2168 723 2241 Veronensi,
742 2170 909 2248 apostolicis
924 2171 1044 2241 nunciis,
1063 2181 1122 2230 tam
1139 2191 1244 2232 eorum

205 2257 335 2335 proprio,
356 2273 438 2336 quam
456 2253 687 2315 reverendissimi
710 2265 742 2314 et
763 2255 944 2314 illustrissimi
967 2254 1075 2314 domini
1096 2256 1243 2329 Marcelli,
1322 2263 1323 2286 ³

203 2342 250 2400 tit.
271 2339 302 2400 S.
320 2340 453 2400 Marcelli
471 2349 589 2398 sanctae
599 2338 745 2400 Romanae
763 2341 908 2400 ecclesiae
927 2339 1081 2401 cardinalis
1097 2341 1245 2402 Crescen-

204 2427 253 2498 tii,
273 2426 375 2503 legati,
396 2425 432 2484 ob
451 2422 599 2484 adversam
620 2427 683 2485 eius
706 2427 900 2506 gravissimam
921 2425 1113 2486 valetudinem
1135 2427 1244 2486 absen-

206 2512 253 2582 tis,
272 2511 396 2582 nomine,
415 2528 472 2570 uon
491 2508 602 2569 dubitat
620 2510 790 2570 Christianis
809 2511 938 2570 omnibus
956 2522 1072 2590 patere,
1090 2511 1146 2572 hoc
1166 2532 1242 2572 eon-

207 2596 302 2656 silium
327 2596 541 2656 oecmnenicnm
563 2595 729 2657 Tridentum
752 2599 845 2676 primo
870 2616 888 2655 a
911 2595 1000 2655 Paulo
1019 2597 1068 2656 lel.
1087 2617 1148 2657 roc.
1167 2617 1242 2657 con·
1321 2601 1322 2604 ’

204 2691 339 2740 vocatum
365 2692 396 2740 et
422 2681 706 2756 collectumiuisso3
736 2681 841 2742 deinde
869 2701 886 2740 a
912 2683 1091 2742 sanctissimo
1119 2681 1245 2753 domino.

205 2776 305 2826 nostro
324 2766 397 2827 Iulio
417 2765 482 2839 lll.,
511 2767 685 2847 efflagitante
709 2768 816 2828 Carolo
839 2769 936 2847 quinto
964 2769 1163 2846 augustissimo
1185 2770 1240 2828 im·

155 2864 192 2909 ttt
204 2864 352 2932 peratore¹
365 2873 400 2913 ea
417 2854 573 2934 praecipue
596 2852 633 2914 do
657 2873 742 2914 causa
761 2855 848 2913 luisse
867 2853 1042 2924 restitutum,
1067 2864 1098 2912 ut
1115 2855 1239 2932 religio·

205 2958 269 2998 uena
293 2940 322 2997 in
344 2939 439 2998 multis
462 2939 541 3000 orbis
562 2939 704 3020 partibus,
732 2949 763 3000 et
784 2941 952 3018 praesertim
976 2941 1004 2998 in
1028 2937 1182 2999 Germania
1209 2943 1238 3000 is

205 3021 332 3086 diversas
355 3025 506 3104 opiniones
532 3024 737 3085 miserabiliter
759 3022 925 3084 distractam
949 3025 978 3082 in
1004 3019 1108 3083 statum
1137 3025 1242 3104 pristi-

204 3127 270 3168 num
289 3121 452 3182 revocaret,
472 3111 576 3170 abusus
594 3122 625 3170 et
642 3129 737 3170 mores
761 3109 987 3170 Christianorum
1006 3111 1238 3188 corruptissimos

205 3194 385 3268 emendaret,
422 3215 561 3276 quumque
589 3194 626 3255 ad
653 3196 710 3256 boc
742 3195 883 3275 agendum
911 3196 1107 3275 quamplurimi
1135 3195 1237 3256 Patres

204 3282 282 3341 nulla
301 3281 429 3342 laborum
448 3301 563 3341 suorum
580 3283 830 3362 periculorumque
848 3281 947 3341 babita
968 3282 1080 3340 ratione
1103 3299 1121 3340 e
1140 3280 1239 3340 diver·
1319 3269 1320 3330 i

157 3431 159 3436 ,
204 3367 245 3427 sis
266 3368 433 3445 regionibus
455 3368 592 3427 alacriter
618 3369 840 3439 conduxissent,
864 3384 967 3447 resque
990 3375 1106 3426 strenus
1128 3386 1238 3444 magno
1319 3379 1320 3404 ³

205 3451 330 3517 bdelium
349 3471 490 3514 concursu
512 3453 695 3532 feliciterque
712 3451 900 3533 procederet,
928 3472 963 3512 ac
986 3463 1154 3531 sperasset
1175 3471 1235 3512 non

204 3537 285 3609 levis,
305 3537 370 3596 illos
389 3535 561 3610 Germanos,
589 3541 636 3618 qui
655 3557 704 3599 eas
727 3541 868 3599 novitates
887 3539 1062 3608 excitarant,
1085 3538 1115 3597 in
1133 3539 1237 3597 couci·

204 3623 272 3682 lium
290 3632 435 3695 venturos,
454 3627 497 3685 sic
514 3625 664 3698 animatos,
683 3635 715 3686 ut
730 3625 807 3686 veris
824 3623 968 3684 ecclesiae
986 3622 1145 3682 rationibus
1163 3631 1237 3685 una·

205 3709 319 3768 nimiter
340 3710 572 3788 acquiescerent,
601 3711 649 3769 lux
671 3708 793 3790 denique
815 3708 954 3789 quaedam
976 3708 1063 3769 rebus
1090 3708 1234 3768 allulsisse

204 3791 365 3864 videretur,
386 3806 526 3874 caputque
545 3796 679 3856 attollere
697 3797 840 3875 inciperet
861 3797 1013 3874 prolligata
1031 3803 1116 3854 antea
1134 3805 1166 3853 st
1186 3795 1235 3852 al·

205 3879 283 3940 lllcta
301 3879 464 3958 respublica
477 3881 653 3944 Christiana:
671 3883 692 3940 il
706 3892 825 3963 repente
840 3882 985 3954 tumultus,
1001 3879 1126 3942 sabella
1140 3879 1235 3944 bostis
