2654 4334
233 207 332 306 πί
428 239 806 300 cousrtrumonus
824 234 1051 309 santonas,

235 384 379 466 praedicti
397 383 630 464 archiepiscopus
652 382 699 450 vei
715 385 779 444 eins
797 381 934 444 oihcialis·
947 381 1171 464 probibate,'ae
1188 402 1248 466 pro·

239 471 358 532 cadatur
375 470 404 530 in
423 487 518 541 cansa,
538 469 592 528 uisi
609 470 688 550 prins
705 469 897 550 appellatione
911 481 1040 550 recepta,
1059 471 1139 531 estat
1153 473 1248 530 emissa

235 575 275 617 cn
294 573 380 616 cansa
397 556 557 636 probabili,
576 573 756 634 cognoscere
774 555 913 634 incipiant
929 553 966 616 de
985 571 1071 616 cansa
1088 555 1247 628 huiusmodi,

234 662 274 701 nn
292 644 331 701 sit
347 660 426 702 vera.
464 639 496 700 Si
514 649 608 700 numm
626 651 693 720 post
710 639 880 700 sententiam
898 641 927 700 in
946 641 1059 701 casibus
1076 658 1095 700 a
1112 643 1174 702 iuro
1191 659 1248 722 pro-

144 779 145 790 ,
237 728 344 799 bibitis,
375 734 485 806 (utpote
513 747 530 785 a
556 728 699 786 sententia
722 743 808 806 saper
833 726 984 786 maniiesto
1008 738 1039 786 at
1059 723 1176 786 notorio
1201 729 1248 786 cri·
1299 791 1302 796 ,

237 815 321 884 mine,
340 813 386 872 vel
404 811 441 871 de
460 831 516 891 qno
536 813 597 891 quis
620 813 648 869 in
666 813 728 871 inre
749 811 896 870 concessos
915 813 1032 884 exstitit,
1057 813 1247 892 promulgata)

236 899 283 957 val
301 896 496 958 consimilibus
510 897 681 976 appellatum
697 898 783 956 inisse
799 891 925 955 dicatur:
944 908 1071 975 possunt,
1091 915 1128 958 ne
1146 907 1250 956 senmn
1304 915 1305 958 t

120 1049 121 1052 Ἴ
170 977 172 982 ’
238 985 278 1042 tia
305 984 482 1042 exsecutioni
510 981 673 1054 mandetur,
704 990 863 1062 (postquam
891 998 1071 1060 cognoscere
1099 984 1248 1062 coeponint,

139 1131 143 1142 ,
184 1080 223 1121 aas
238 1080 329 1128 utrum
348 1070 385 1126 sit
403 1065 570 1145 recipienda
588 1068 633 1126 vel
656 1088 713 1126 non
731 1068 886 1148 appellatio
905 1067 991 1128 abac
1006 1070 1198 1148 interposita)
1213 1068 1250 1126 in·

237 1153 348 1212 hibere.
385 1151 418 1209 ln
440 1151 524 1211 alium
545 1171 670 1232 quoque,
690 1155 737 1232 qui
757 1153 834 1212 circa
853 1171 923 1224 rem,
943 1149 979 1214 dc
998 1173 1053 1232 qua
1071 1155 1149 1214 inter
1166 1153 1251 1232 appel·

177 1299 180 1312 ‚
238 1239 343 1297 lentem
363 1247 392 1296 et
410 1237 582 1316 appellatum
602 1238 799 1297 controversia
813 1238 943 1310 vertitur,
962 1237 1069 1318 aliquid
1084 1250 1249 1318 postcomm

237 1323 435 1381 inhibitionem
455 1331 587 1393 attentat,
606 1341 663 1380 non
680 1323 778 1382 valent
794 1323 952 1382 occasione
968 1321 1132 1383 huiusmodi
1149 1321 1250 1382 iurisdi-

236 1409 362 1468 ctionem
381 1408 503 1487 aliquam
521 1406 678 1466 vindicare.
725 1408 814 1480 Quum
832 1425 902 1468 vero
920 1409 954 1479 is,
974 1410 1021 1488 qui
1039 1407 1076 1468 ad
1094 1409 1249 1469 ilamensnm

236 1494 347 1552 curiam
365 1511 452 1572 super
470 1493 566 1572 aliqua
584 1511 669 1552 causa
687 1511 789 1552 vocem
806 1493 1008 1573 appellationis
1026 1496 1140 1566 emittit,
1160 1494 1250 1554 nibilo-

237 1581 330 1638 minus
347 1579 376 1636 in
396 1577 490 1637 musis
508 1578 573 1638 aliis
592 1577 729 1638 ordinarii
747 1581 791 1637 sni
804 1577 994 1642 iurisdietioni
1009 1579 1186 1652 subiiciatur,
1203 1577 1249 1638 he·

235 1665 343 1723 masis
361 1663 597 1744 archiepiscopus
619 1664 665 1723 val
682 1663 817 1724 officialis
840 1664 927 1746 ipsius
950 1661 1127 1746 naquaquam
1150 1662 1249 1724 ierimu-

37 1818 42 1832 .
106 1765 110 1770 ·
237 1751 364 1807 ctionem
383 1751 472 1827 ipsam
492 1751 520 1808 in
538 1750 603 1808 aliis
619 1748 785 1828 impediant,
805 1760 836 1808 ut
853 1751 888 1810 ab
908 1748 1034 1810 eiusdem
1054 1750 1191 1810 mamam
1204 1767 1249 1828 po·

236 1844 343 1892 testata
362 1834 492 1892 totaliter
508 1836 634 1894 affimant
652 1835 751 1894 taliter
766 1835 969 1914 appellantem.
1000 1835 1098 1896 liebet
1115 1847 1205 1896 natata
1220 1831 1249 1892 od

237 1937 290 1978 eos
309 1919 345 1978 ab
364 1920 510 1998 episcopis
527 1921 675 1998 plantatae
693 1915 859 1999 prouinciae
878 1937 964 2000 saper
982 1922 1090 1994 cauas,
1115 1919 1249 2001 inquibus

237 2004 425 2083 temporalem
446 2003 672 2068 iurisdictionem
692 2003 845 2078 exercent,
872 2007 927 2065 nisi
953 2007 1030 2066 forte
1052 2001 1088 2067 de
1111 2015 1249 2068 consuetu·

163 2167 169 2174 1
236 2087 306 2148 dine
323 2101 375 2148 aut
391 2089 558 2168 privilegio,
582 2093 642 2150 sive
661 2093 722 2150 iure
741 2091 798 2148 alio
817 2091 936 2170 speciali
954 2093 994 2151 sit
1008 2092 1205 2172 appellandum
1221 2090 1248 2148 al

237 2175 334 2244 alium,
353 2175 501 2253 appellari.
540 2173 705 2235 Smtenhas
728 2193 840 2255 quaque
867 2175 1012 2238 interdicti
1034 2180 1081 2238 vel
1099 2178 1248 2260 suspensio·

237 2261 283 2318 uis
305 2279 356 2318 seu
374 2262 678 2320 excommunicationis
704 2261 733 2319 in
761 2262 951 2341 appellantem
974 2262 1010 2321 ab
1027 2281 1074 2335 eo,
1104 2281 1193 2344 aquo
1209 2281 1248 2340 ap·

238 2343 374 2424 pellatam
394 2347 573 2424 proponitur,
593 2345 797 2424 promulgatas,
816 2347 984 2420 nallatenus,
1005 2349 1059 2408 nisi
1072 2346 1184 2410 vocatis
1195 2365 1249 2428 par·

238 2431 314 2488 tibus
331 2441 363 2488 ct
380 2429 417 2489 dc
436 2431 631 2508 appellatione
650 2431 777 2509 legitime
791 2434 918 2510 cognita,
937 2445 1077 2493 revocent
1089 2447 1142 2494 aut
1155 2433 1248 2493 denun-

237 2516 319 2572 cient
336 2533 401 2572 esse
420 2511 521 2572 nullas.
557 2515 648 2587 Quum
666 2527 760 2576 numm
779 2515 815 2576 ad
829 2517 997 2578 lle-ensem
1015 2512 1247 2601 archiepiscopum

237 2597 440 2657 obaudientis
466 2598 639 2678 suffraganei
666 2599 708 2660 sui
736 2621 824 2688 supper
849 2603 943 2683 aliqua
968 2622 1056 2664 causa
1082 2606 1170 2666 merit
1192 2612 1246 2662 ante

125 2721 130 2744 t
236 2685 408 2743 sententiam
422 2684 604 2763 appellatum,
625 2684 699 2775 idem
713 2687 957 2770 archiepiscopus,
976 2691 1139 2769 (postquam
1157 2689 1191 2750 de
1207 2707 1247 2766 ap·

234 2770 396 2850 pollutione
420 2771 537 2848 cognita
560 2774 723 2832 constiterit
750 2789 812 2832 eam
839 2776 930 2834 minus
951 2776 1152 2837 rationabilem
1173 2773 1246 2834 exsti·

236 2856 331 2932 tissa)
343 2873 456 2916 causam
467 2854 635 2917 adeundam
645 2859 854 2936 suffraganeam
868 2861 1016 2920 remittere
1031 2880 1087 2922 non
1097 2867 1246 2943 postponat.

309 3009 574 3074 innocentius
593 3008 642 3070 lV.
666 3011 709 3072 IN
727 3011 908 3076 tultellae
927 3012 1185 3076 attenuarant.

348 3109 390 3161 Ex
401 3117 482 3164 &xeo
492 3113 668 3162 Decretalium
678 3114 720 3163 lib.
729 3116 769 3175 V,
778 3117 819 3166 tit.
828 3117 881 3165 vtt.
893 3117 923 3164 de
933 3113 1081 3179 privilegiis,
1092 3133 1115 3166 c.
1123 3122 1150 3166 t.

546 3194 621 3246 (Sans.
630 3191 687 3239 vlt.
700 3193 729 3239 de
739 3193 832 3241 usion.
847 3207 899 3252 cap.
909 3199 954 3251 tt.)

322 3278 463 3342 ¹Veientes
490 3284 665 3355 libertatem,
699 3291 794 3364 (quam
821 3288 963 3346 nonnullis
990 3289 1149 3368 apostolico
1173 3280 1244 3342 sedet

233 3368 389 3446 privilegio
409 3371 599 3448 exemptionis
617 3368 755 3441 indulsit)
780 3373 822 3431 sic
840 3374 981 3452 integram
1001 3373 1161 3443 observati,
1178 3377 1206 3428 ut
1220 3374 1245 3424 tt

130 3458 138 3469 “
233 3451 313 3511 illam
332 3455 382 3514 alii
399 3472 457 3512 aaa
475 3456 646 3533 infringant,
674 3457 780 3534 stipsi
807 3459 868 3516 cius
892 3459 996 3518 limites
1022 3477 1080 3518 aon
1101 3453 1242 3522 excedant,

238 3535 435 3607 declaratione
453 3540 647 3618 inuehagahiii
665 3539 827 3614 delinimus,
856 3543 930 3622 quod
954 3554 1194 3624 quantumcunque
1209 3537 1242 3595 sit

51 3657 53 3662 -
181 3633 223 3678 sm
237 3623 363 3700 exempti
381 3622 526 3700 gaudeant
543 3626 690 3698 libertate,
715 3625 894 3688 nihilominus
917 3639 1010 3690 mmen
1029 3620 1243 3688 renouarent

235 3707 297 3764 sisa
317 3718 482 3766 commestus
500 3719 549 3768 ant
567 3711 624 3782 rai,
648 3709 684 3770 de
703 3730 758 3791 qua
777 3722 878 3772 contra
896 3715 974 3800 ipsos
993 3716 1100 3794 agitem
1118 3716 1171 3773 rite
1188 3725 1243 3788 pot·
1304 3719 1305 3766 i

235 3798 302 3847 sunt
329 3808 425 3848 coram
453 3793 580 3853 heuman
609 3795 760 3857 ordinariis
788 3801 945 3871 conveniri,
972 3811 1003 3860 ct
1028 3798 1068 3859 illi
1089 3795 1180 3880 prend
1194 3793 1242 3852 hot
1304 3779 1305 3806 ¹

235 3890 315 3932 mam
334 3875 363 3932 ia
382 3877 459 3968 ipsos
477 3876 701 3940 iurisdictionem
725 3888 822 3962 (preat
840 3886 883 3944 ios
901 3887 1003 3965 exigit)
1019 3899 1169 3946 ,exercere-
