2654 4334
210 239 293 300 m
409 229 680 290 ,susara-xxv.
714 205 1034 286 numurosmsr'.

210 385 287 438 veut.
339 373 405 436 Ne'c
432 372 470 434 ad
496 393 546 434 eas
573 370 776 433 concedendas
804 373 1125 444 cuiusvis‘saeeularis,
1153 376 1246 434 etiarn
1311 384 1315 391 “

210 461 408 540 magistratus,
427 461 600 520 auctoritate
618 457 791 530 adducatur,
809 456 861 518 sed
883 468 973 517 tetum
987 457 1048 530 «lunc
1065 459 1096 518 iu
1113 459 1177 519 eine
1194 479 1246 519 ar·

211 546 300 608 bitrio
324 556 355 608 et
377 547 555 606 conscientia
576 545 615 604 sit
636 545 773 625 positum,
797 541 912 622 quando
932 545 994 623 ipse
1011 563 1066 625 pro
1091 563 1139 616 re,
1161 545 1243 618 loco,

210 649 337 716 pmsena
357 642 408 692 aut
432 643 563 711 tempore
590 649 642 690 eus
662 627 861 691 decernendas
888 648 953 690 esse
978 629 1160 691 iudicaverit.
1209 631 1244 690 ln

158 719 307 784 encausta
333 737 403 779 vcro
429 715 612 777 iudicialibus
638 714 790 776 mandetur
816 715 945 775 omnibus
973 713 1116 776 iudicibus
1144 717 1244 776 ecole-

210 803 349 875 siasticis,
375 803 570 882 cuiuscunque
602 800 750 880 diguitatis
775 802 929 872 exsistant,
960 810 993 860 ut
1015 800 1244 882 quandocunque

212 891 361 952 exsecutio
378 887 466 948 realis
479 889 526 948 vel
539 887 699 968 personalis
712 888 741 946 iu
761 887 887 967 qualibet
903 897 986 965 parte
1006 886 1105 948 iudicii
1124 890 1245 968 proprie

99 1015 104 1022 ·
211 976 384 1036 aucwmtate
412 973 447 1032 ab
476 973 546 1052 ipsis
573 972 636 1033 lieri
659 974 781 1052 poterit,
808 972 972 1032 &adunant
992 991 1023 1032 ss
1045 983 1103 1032 mm
1123 973 1157 1032 in
1174 993 1245 1052 pro-

212 1059 344 1124 cedendo
363 1078 445 1138 qnam
464 1056 628 1118 deliniendo
650 1077 669 1118 a
691 1059 820 1118 censuris
843 1059 1051 1118 ecclesiasticis
1077 1077 1129 1118 seu
1151 1060 1245 1118 ¹inuer-

211 1145 305 1217 diet03
324 1143 376 1204 sed
394 1144 483 1204 liccat
500 1145 552 1215 eis,
571 1145 596 1202 si
614 1142 752 1224 expedire
770 1141 927 1216 videbitur,
947 1144 976 1203 iu
995 1144 1089 1204 causis
1099 1145 1243 1216 civilibus,

211 1231 248 1297 ad
271 1231 364 1290 lerum
388 1229 619 1290 ecclesiasticum
639 1227 859 1309 quomodolibet
881 1230 1105 1308 pertinentibus,
1139 1241 1244 1290 coutm

210 1335 409 1398 quoscunque,
428 1317 514 1374 etiam
533 1316 638 1386 laicos,
656 1334 711 1394 per
727 1315 848 1376 mulctes
864 1316 1056 1394 pecuniarias,
1075 1333 1150 1394 quas
1168 1315 1244 1375 locis

211 1404 266 1481 piis
284 1401 325 1461 ibi
344 1401 546 1462 exsistentibus
564 1419 601 1459 eo
619 1402 693 1480 ipso,
713 1399 790 1480 quud
806 1410 930 1460 anactea
948 1401 1064 1472 fuerint,
1089 1404 1244 1479 assignen-

210 1499 271 1560 tur,
294 1506 345 1547 seu
366 1505 421 1566 per
443 1486 606 1566 captionem
627 1486 792 1564 pignorum,
815 1505 1059 1566 personarumque
1080 1485 1244 1548 districtio-

142 1615 146 1620 ·
210 1593 275 1634 ueur
288 1591 342 1653 per
356 1591 423 1634 suos
439 1573 575 1652 proprios
592 1581 642 1630 aut
654 1572 765 1632 alienum
784 1581 971 1632 cxseemoncs
988 1571 1162 1645 faciendam,
1180 1576 1243 1632 sive

211 1661 296 1720 etiam
327 1677 381 1738 per
406 1659 596 1738 privationem
615 1657 839 1730 beneficiorum,
866 1659 979 1738 aliaque
1010 1659 1080 1718 iuris
1110 1658 1243 1718 remedia

210 1742 373 1824 proceriore
400 1755 431 1803 ct
457 1763 558 1804 causas
584 1741 716 1804 delium.
762 1742 845 1817 Quod
867 1745 892 1802 si
915 1745 1064 1803 exsecutio
1087 1741 1181 1803 realis
1194 1745 1240 1804 vel

210 1830 370 1910 personalis
392 1828 529 1890 adversus
547 1848 614 1888 reos
635 1829 692 1889 bac
710 1830 823 1889 mdone
842 1829 906 1889 fleri
924 1829 1122 1909 conpulerit,
1147 1830 1239 1910 sitque

211 1935 282 1995 erga
308 1914 431 1976 iudicem
459 1916 653 1988 contumacia,
680 1925 749 1975 tnnc
777 1933 829 1975 eus
855 1914 941 1974 etiam
963 1915 1153 1974 mathematis
1180 1936 1239 1975 mu·

211 2022 300 2064 crone
323 2001 444 2062 arbitrio
464 2021 518 2062 sno
541 2011 659 2081 praeter
679 2001 753 2060 alias
777 2019 888 2080 poenas
914 2000 1003 2060 ferire
1030 2004 1149 2080 poterit.
1209 2000 1239 2060 ln

160 2147 163 2154 Α
210 2089 304 2152 causis
315 2107 426 2167 quoque
442 2087 645 2158 criminalibus,
664 2087 713 2146 ubi
730 2087 880 2148 exsecutio
898 2085 986 2146 realis
1004 2087 1050 2146 vel
1067 2088 1238 2166 personalis,

209 2185 357 2252 utsupra,
385 2172 450 2234 lieri
467 2175 589 2252 poterit,
612 2174 669 2232 erit
694 2191 713 2232 a
735 2173 864 2232 censuris
883 2170 1089 2232 abednendum.
1136 2169 1198 2233 Sed
1214 2173 1238 2230 si

88 2293 97 2298 -
210 2258 306 2320 dictae
329 2259 508 2318 exsecutioni
530 2259 617 2318 facile
644 2259 724 2318 locus
751 2276 816 2318 esse
834 2257 1014 2337 conpescit,
1033 2257 1134 2318 licebit
1151 2257 1240 2317 rudici

209 2345 266 2406 boc
284 2345 425 2425 spirituali
443 2342 540 2422 gladio
559 2345 588 2402 in
607 2342 806 2424 delinquentes
823 2345 874 2416 uti,
894 2345 918 2402 si
936 2353 1031 2402 minen
1050 2342 1151 2404 delicti
1171 2363 1240 2423 qua-

209 2432 290 2500 litas,
309 2428 504 2508 praecedente
519 2429 590 2488 bina
607 2430 708 2489 saltem
726 2431 898 2502 monitione,
921 2431 1007 2488 etiam
1029 2447 1084 2510 per
1100 2428 1239 2501 edictum,

208 2515 239 2574 id
262 2514 397 2592 postulet.
450 2512 541 2572 Nefas
564 2524 659 2574 autem
687 2516 725 2573 sit
751 2516 893 2576 saeculari
917 2515 1037 2574 cuilibet
1058 2516 1240 2594 magistratus

208 2599 365 2680 prohibere
393 2597 593 2658 ecclesiastico
620 2597 722 2672 iudici,
751 2619 787 2662 ue
810 2620 893 2680 quem
916 2601 1161 2673 excommunicet,
1192 2612 1240 2661 aut

209 2682 356 2756 mandare,
375 2693 407 2744 ut
423 2683 508 2742 latam
527 2687 850 2746 excommunicationem
864 2697 993 2759 revocet,
1012 2686 1240 2766 subpraetextu,

151 2835 155 2840 ,
210 2768 285 2852 quod
305 2779 441 2830 contenta
458 2770 487 2828 in
504 2771 650 2850 praesenti
668 2769 788 2832 decreto
808 2792 865 2832 uon
884 2773 940 2832 siut
958 2772 1124 2846 observata3
1153 2792 1239 2852 quum

209 2877 267 2916 non
285 2853 322 2916 ad
340 2855 519 2930 saeculares,
543 2854 595 2916 sed
612 2855 650 2916 ad
668 2858 884 2918 ecclesiasticos
902 2857 975 2916 haee
995 2859 1122 2936 cognitio
1146 2861 1240 2937 perti·

208 2953 285 3003 neat.
325 2939 593 3024 Excommunieatus
610 2961 681 3003 vero
701 2945 870 3024 quicunque,
889 2944 913 3001 si
931 2953 998 3022 post
1015 2943 1158 3022 legitimas
1177 2963 1240 3003 me

208 3030 335 3091 uitiones
352 3048 411 3089 non
429 3030 596 3110 resipuerit,
619 3048 678 3088 uon
695 3029 787 3089 solum
809 3028 846 3088 ad
863 3040 1043 3088 sacramenta
1062 3040 1092 3089 et
1108 3047 1238 3090 eommu-

208 3113 458 3176 uionemlidelium
476 3134 510 3175 ac
518 3115 741 3175 familiaritatem
759 3134 818 3173 nou
835 3116 1040 3194 recipiatnr1),
1059 3114 1166 3187 sed,*si
1185 3115 1238 3174 ob·

210 3197 312 3261 durato
331 3201 424 3260 animo
444 3202 572 3260 censuris
590 3220 718 3262 annexus
735 3202 765 3262 in
782 3199 839 3260 illis
856 3219 910 3280 per
927 3219 1030 3260 annum
1049 3199 1235 3272 incanduerit,

210 3286 295 3348 etiam
311 3296 413 3346 conus
426 3305 490 3346 eum
503 3297 636 3366 uuquam
649 3284 686 3348 de
700 3287 815 3346 haeresi
829 3297 991 3366 suspectum
1004 3283 1128 3366 procedi
1133 3289 1235 3366 pessit.

130 3387 133 3394 1
157 3424 196 3469 tet
210 3418 239 3476 c.
256 3425 298 3472 lv.
330 3419 380 3472 vti
395 3425 488 3472 nimius
504 3424 644 3472 missarum
661 3422 873 3472 celebrandarum
887 3438 1020 3486 numeres,
1040 3429 1165 3471 statueret
1182 3425 1236 3486 epi·

242 3495 323 3553 accpi,
342 3492 449 3540 aientes
462 3497 489 3539 et
500 3491 636 3554 generales
654 3491 780 3553 ordinum,
800 3494 869 3556 quud
880 3492 1002 3554 expedire
1020 3493 1204 3540 e'crliceeeriet.

295 3575 441 3658 Contingit
460 3595 547 3659 saepe
569 3577 599 3637 iu
617 3576 781 3658 quibusdam
805 3578 938 3638 ecclesiis
960 3577 1006 3638 vel
1025 3588 1082 3636 tum
1104 3597 1236 3657 magnum

157 3683 161 3695 ’
210 3659 357 3720 missarum
376 3662 611 3722 celebrandarum
633 3683 779 3724 numerum
792 3683 839 3723 ¹ex
861 3665 947 3724 variis
970 3662 1170 3726 defunctorum
1189 3683 1236 3724 re-

263 3807 338 3850 Seee.
353 3806 431 3851 XXV.
458 3811 480 3862 1)
507 3809 614 3864 ciant.
629 3813 691 3855 cit.
706 3781 982 3867 (tatu.)te.(ssst.cecl.
997 3815 1096 3866 antiit.
1112 3810 1237 3866 (tiranii

208 3858 471 3964 ἴϋῐῖῗιάἒιιὲὤιὲὲ
479 3863 499 3902 8.
510 3859 591 3915 (elau.
599 3861 658 3918 ¹Ill.)
671 3875 691 3905 r.
701 3865 722 3906 t.
733 3861 790 3918 (ld.)
804 3878 824 3908 c.
835 3867 867 3908 1⁵.
879 3867 910 3908 tt.
920 3867 954 3909 te.
963 3867 997 3910 to.
1007 3868 1041 3908 ³1.
1050 3867 1085 3907 tt.
1093 3865 1126 3906 89.
1143 3861 1235 3917 (lenos.
