2652 4330
209 224 266 282 ὅθ
332 220 479 281 sessio
497 225 567 280 Vll.
588 225 730 284 butte
746 225 799 280 nn
818 225 987 282 meuse.
1005 223 1127 280 CONC-

210 363 287 424 tibus
304 364 443 436 habeant3
462 366 491 422 in
509 364 574 424 eliis
591 381 677 436 vero,
699 365 724 422 si
748 365 839 443 ipsun
861 361 985 424 iudicem
1002 384 1060 426 non
1078 364 1247 438 habuerint,

211 469 308 510 corana
332 451 460 510 locorum
484 447 651 522 ordinariis,
679 460 812 529 tanqum
835 451 865 510 in
883 450 939 510 hoc
961 449 998 510 ab
1016 453 1078 529 ipsa
1099 449 1170 510 sede
1190 451 1249 511 de·

210 536 328 614 legetis,
356 537 504 596 conveniri
526 546 558 594 et
574 537 637 596 iure
660 533 756 596 medio
780 533 817 594 ad
840 535 1005 596 solvendum
1028 534 1155 596 debitum
1173 539 1242 614 cogi

210 631 242 680 et
257 621 391 701 compelli
409 621 535 699 possint;
557 621 725 700 privilegiis,
745 620 986 698 exemptionibus,
1006 631 1242 680 conservatorum

209 705 440 785 deputationibus
458 716 606 766 eteorum
624 705 841 764 inhibitionibus
859 704 996 766 adversos
1013 708 1172 784 praemissa
1190 725 1242 765 ne-

209 809 347 871 quaquam
364 791 504 850 valituris.

208 929 236 974 c.
246 927 303 974 XV.
340 926 477 974 &omres
484 934 583 988 curent,
597 934 627 974 rot
635 927 780 986 hospitalia
793 939 967 987 quaecunque,
983 929 1062 973 etium
1072 933 1206 988 exempto,
1222 943 1243 974 cr

412 997 467 1042 eutr
479 992 846 1055 administrantiburfideh'ter
852 995 1034 1056 geennom.

295 1077 405 1138 (iurent
423 1077 576 1150 ordinarii,
599 1089 631 1137 nt
649 1079 802 1159 hospitalia
824 1097 1009 1158 quaecunque
1032 1098 1050 1137 a
1071 1079 1130 1138 suis
1149 1077 1239 1138 admi-

208 1164 458 1238 nistratoribus¹)‚
478 1182 646 1243 quocunque
664 1164 707 1222 illi
730 1165 844 1222 nomine
864 1175 1044 1235 censeantur,
1063 1163 1150 1223 etiam
1169 1183 1240 1243 quo-

206 1248 366 1310 modolibet
384 1249 538 1328 exemptis,
567 1247 693 1308 fideliter
710 1259 741 1308 et
758 1247 913 1326 diligenter
930 1249 1140 1327 gubernentur,
1169 1268 1240 1308 con-

207 1334 363 1395 stitutionis
383 1335 499 1394 coucilii
517 1333 700 1405 Viennensis,
720 1353 793 1412 quae
811 1334 928 1414 incipit:
950 1336 1026 1412 (iulo
1044 1335 1238 1412 everingin),

172 1422 300 1479 reforma
327 1430 450 1479 servata.
493 1417 582 1492 Quam
611 1417 723 1497 quidem
751 1421 984 1480 constitutionem
1011 1418 1111 1479 eadem
1138 1431 1237 1479 sancta

207 1503 334 1585 synodus
356 1502 546 1564 innovandam
570 1501 651 1562 duxit
673 1515 703 1563 et
725 1505 843 1564 innovat
865 1524 928 1564 cum
951 1503 1187 1582 derogationibus
1208 1507 1238 1562 in

207 1611 243 1650 ea
261 1591 415 1651 contentis.

540 1701 643 1748 indictio
652 1701 746 1746 iuturus
756 1704 877 1764 suesionis.

294 1778 365 1838 ltem
383 1778 457 1837 haec
480 1788 666 1837 sacrosancta
688 1776 815 1857 synodus
834 1779 933 1837 statuit
955 1788 986 1836 et
1003 1775 1147 1848 decrevit,
1168 1795 1236 1858 pre·
1306 1803 1309 1907 p

206 1866 310 1924 xlmam
328 1864 453 1924 laturam
471 1866 628 1924 sessionem
646 1861 805 1923 habendam
824 1874 854 1921 ct
877 1861 1078 1922 celebrandam
1102 1881 1166 1922 esse
1189 1861 1236 1920 die
1307 1924 1309 1937 Ι

207 1949 296 2022 lovis,
315 1951 390 2010 feria
409 1951 507 2029 quinta
528 1960 595 2029 post
616 1960 783 2028 sequentem
806 1946 978 2009 dominicam
996 1949 1026 2006 in
1042 1946 1140 2019 Albis,
1165 1967 1236 2028 quae
1307 1946 1309 2018 l

205 2038 264 2096 erit
279 2037 419 2114 vigesima
436 2037 528 2114 prima
546 2036 650 2095 mensis
667 2033 778 2113 Aprilis
800 2035 961 2113 praesentis
979 2033 1047 2092 anni
1064 2051 1193 2093 unnvnr.
1308 2033 1309 2043 ’

443 2317 627 2376 ΒΗΜΛ
648 2319 997 2378 Peculium

427 2427 774 2476 raussrsnsanr
810 2429 1013 2478 ceneten.

292 2539 395 2604 Paulus
413 2542 583 2625 Episcopus,
602 2565 700 2605 sersus
722 2565 868 2607 servorum
886 2545 950 2617 Dei,
974 2544 1132 2605 venerabili
1153 2545 1235 2604 fratri
1308 2577 1310 2610 ὲ

208 2627 307 2687 loanni
324 2627 435 2689 Mariae
454 2631 590 2710 episcopo
610 2628 812 2705 Praenestino,
831 2642 861 2690 et
879 2629 992 2690 dilectis
1011 2630 1076 2690 filiis
1093 2629 1233 2690 blercello

206 2714 250 2770 tit.
271 2710 301 2771 S.
322 2712 423 2774 Crucis
446 2716 474 2774 in
493 2715 648 2776 Ierusalem
665 2716 852 2797 presbytero,
875 2736 909 2776 ae
934 2715 1093 2796 Regiualdo
1118 2714 1149 2775 S.
1172 2715 1233 2774 Ma·

206 2799 268 2858 riae
287 2799 316 2857 in
335 2798 488 2860 Cosmcdiu
508 2800 631 2862 diacono
651 2801 857 2873 cardinalibus,
880 2803 986 2862 nostris
1009 2812 1039 2860 et
1055 2801 1236 2880 apostolicae

207 2881 284 2944 sedis
302 2885 406 2963 legatis
425 2883 460 2945 de
480 2887 571 2946 latere
590 2888 709 2947 salutem
728 2897 758 2946 ct
780 2889 968 2967 apostolicam
990 2886 1232 2946 benedictionem.

291 2969 433 3049 Regimini
460 2973 627 3033 universalis
654 2973 813 3045 ecclesiae,
842 2974 951 3032 meritis
974 2973 1043 3032 licet
1069 2973 1232 3050 imparibus,

206 3053 375 3134 disponente
395 3057 516 3117 Domino
534 3056 746 3138 praesidentes,
766 3059 857 3117 nostri
876 3059 965 3117 oflicii
982 3067 1081 3137 partes
1099 3075 1165 3116 esse
1182 3076 1234 3136 pu-

207 3151 311 3213 tamus,
330 3152 374 3214 ut,
393 3144 418 3202 si
437 3142 504 3224 quid
522 3146 636 3222 gravim
659 3163 745 3205 causa
768 3142 944 3223 reipublicae
963 3142 1144 3202 Christianae
1163 3160 1234 3201 con·
1307 3217 1308 3222 η

208 3225 380 3288 stitucudum
399 3232 445 3300 sit,
460 3227 490 3287 id
503 3248 560 3286 uon
583 3229 667 3289 modo
681 3241 810 3309 tempore
836 3238 1007 3309 opportuno,
1025 3247 1124 3288 verum
1147 3229 1235 3286 etiam·

110 3355 116 3368 .
165 3305 169 3316 '
206 3313 272 3373 loco
291 3312 442 3374 commodo
461 3324 491 3373 et
507 3310 612 3374 idoneo
631 3316 806 3394 perficiatur.
840 3314 928 3387 Quum
947 3317 1044 3394 itaque
1061 3333 1115 3374 uos
1132 3331 1232 3392 nuper,

205 3409 355 3479 postquam
373 3394 588 3480 suspensionem
607 3401 811 3460 celebrationis
830 3401 905 3460 sacri
923 3399 1103 3460 oecumenici
1121 3407 1153 3457 et
1170 3399 1232 3456 uni·

206 3484 325 3544 vercelis
344 3486 469 3557 concilii,
488 3485 559 3544 alias
576 3503 630 3564 per
647 3505 699 3545 nos
717 3488 746 3544 in
765 3487 880 3545 civitate
897 3484 1065 3545 Tridentina
1083 3504 1120 3543 ox
1139 3485 1235 3543 causis

207 3581 274 3629 tanc
298 3572 441 3650 expressis
465 3569 501 3630 de
523 3570 727 3631 venerabilium
755 3573 872 3631 fratrum
900 3583 1060 3631 nostrorum
1085 3569 1116 3630 S.
1140 3567 1175 3628 fl.
1198 3567 1238 3626 lt..

209 3655 393 3716 cardinalium
416 3657 536 3717 consilio
559 3667 589 3717 et
612 3677 728 3718 assensu
751 3657 864 3731 indicti,
892 3678 929 3717 en
951 3658 1038 3716 certis
1061 3656 1125 3715 aliis
1147 3656 1234 3715 etiam

211 3783 422 3796 m

258 3835 335 3881 Sena.
345 3837 400 3882 Vll.
428 3843 450 3893 ¹)
460 3839 491 3884 cl.
502 3837 565 3886 Scor.
575 3841 653 3886 XXV.
665 3843 693 3888 dc
704 3841 747 3886 rei.
758 3857 778 3886 c.
788 3846 807 3886 8.
817 3865 843 3876 -
860 3845 881 3893 2)
892 3839 964 3885 Clam.
974 3843 994 3884 2.
1005 3831 1107 3890 torulis·
1117 3836 1177 3880 Μ·
1188 3829 1237 3877 ¹¹¹*

206 3889 481 3943 ru.(c10n.v.)sttnlr.
495 3893 511 3937 1.
523 3906 543 3938 c.
1306 3885 1307 3954 l
