<?xml version="1.0" encoding="UTF-8"?>
<!DOCTYPE html PUBLIC "-//W3C//DTD XHTML 1.0 Transitional//EN"
    "http://www.w3.org/TR/xhtml1/DTD/xhtml1-transitional.dtd">
<html xmlns="http://www.w3.org/1999/xhtml" xml:lang="en" lang="en">
 <head>
  <title>
</title>
<meta http-equiv="Content-Type" content="text/html;charset=utf-8" />
  <meta name='ocr-system' content='tesseract 3.04.00' />
  <meta name='ocr-capabilities' content='ocr_page ocr_carea ocr_par ocr_line ocrx_word'/>
</head>
<body>
  <div class='ocr_page' id='page_1' title='image "./canonesetdecret00stergoog_0059.png"; bbox 0 0 2652 4330; ppageno 0'>
   <div class='ocr_carea' id='block_1_1' title="bbox 232 245 1073 314">
    <p class='ocr_par' dir='ltr' id='par_1_1' title="bbox 232 245 1073 314">
     <span class='ocr_line' id='line_1_1' title="bbox 232 245 1073 314; baseline -0.004 -10"><span class='ocrx_word' id='word_1_1' title='bbox 232 251 286 314; x_wconf 67' lang='lat'>48</span> <span class='ocrx_word' id='word_1_2' title='bbox 424 248 588 304; x_wconf 75' lang='lat' dir='ltr'>sessto</span> <span class='ocrx_word' id='word_1_3' title='bbox 616 246 675 302; x_wconf 82' lang='lat' dir='ltr'>vlt</span> <span class='ocrx_word' id='word_1_4' title='bbox 715 246 774 299; x_wconf 75' lang='grc' dir='ltr'>ΒΕ</span> <span class='ocrx_word' id='word_1_5' title='bbox 802 245 1073 301; x_wconf 66' lang='lat' dir='ltr'>aaronitas.</span> 
     </span>
    </p>
   </div>
   <div class='ocr_carea' id='block_1_2' title="bbox 234 353 1267 536">
    <p class='ocr_par' dir='ltr' id='par_1_2' title="bbox 234 353 1267 536">
     <span class='ocr_line' id='line_1_2' title="bbox 234 353 1267 468; baseline -0.005 -15"><span class='ocrx_word' id='word_1_6' title='bbox 234 393 320 453; x_wconf 84' lang='lat' dir='ltr'>aliter</span> <span class='ocrx_word' id='word_1_7' title='bbox 347 411 364 449; x_wconf 89' lang='lat' dir='ltr'>a</span> <span class='ocrx_word' id='word_1_8' title='bbox 390 387 460 450; x_wconf 87' lang='lat' dir='ltr'>sede</span> <span class='ocrx_word' id='word_1_9' title='bbox 487 387 648 468; x_wconf 88' lang='lat' dir='ltr'>apostolica</span> <span class='ocrx_word' id='word_1_10' title='bbox 675 353 850 446; x_wconf 86' lang='lat' dir='ltr'>declaratum</span> <span class='ocrx_word' id='word_1_11' title='bbox 879 387 980 459; x_wconf 85' lang='lat' dir='ltr'>luerit,</span> <span class='ocrx_word' id='word_1_12' title='bbox 994 440 1002 459; x_wconf 85' lang='grc'>,</span> <span class='ocrx_word' id='word_1_13' title='bbox 1016 385 1123 446; x_wconf 87' lang='lat' dir='ltr'>viribus</span> <span class='ocrx_word' id='word_1_14' title='bbox 1151 389 1267 449; x_wconf 89' lang='lat' dir='ltr'>omnino</span> 
     </span>
     <span class='ocr_line' id='line_1_3' title="bbox 235 487 645 536; baseline -0.01 0"><span class='ocrx_word' id='word_1_15' title='bbox 235 487 362 536; x_wconf 81' lang='lat' dir='ltr'><strong>careant.</strong></span> <span class='ocrx_word' id='word_1_16' title='bbox 643 497 645 504; x_wconf 61' lang='lat'><strong><em>¹</em></strong></span> 
     </span>
    </p>
   </div>
   <div class='ocr_carea' id='block_1_3' title="bbox 231 575 1267 778">
    <p class='ocr_par' dir='ltr' id='par_1_3' title="bbox 231 575 1267 778">
     <span class='ocr_line' id='line_1_4' title="bbox 235 575 1266 637; baseline -0.002 -12"><span class='ocrx_word' id='word_1_17' title='bbox 235 581 263 626; x_wconf 85' lang='lat' dir='ltr'>c.</span> <span class='ocrx_word' id='word_1_18' title='bbox 278 579 332 627; x_wconf 84' lang='lat' dir='ltr'>Vll.</span> <span class='ocrx_word' id='word_1_19' title='bbox 377 575 509 637; x_wconf 63' lang='lat' dir='ltr'>Beneficio</span> <span class='ocrx_word' id='word_1_20' title='bbox 527 577 707 624; x_wconf 77' lang='lat' dir='ltr'>eeclesiastico</span> <span class='ocrx_word' id='word_1_21' title='bbox 724 577 800 624; x_wconf 73' lang='lat' dir='ltr'>saite</span> <span class='ocrx_word' id='word_1_22' title='bbox 816 577 956 622; x_wconf 79' lang='lat' dir='ltr'>visitentur</span> <span class='ocrx_word' id='word_1_23' title='bbox 962 589 974 633; x_wconf 86' lang='lat'>‚·</span> <span class='ocrx_word' id='word_1_24' title='bbox 997 589 1046 635; x_wconf 86' lang='lat' dir='ltr'>per</span> <span class='ocrx_word' id='word_1_25' title='bbox 1064 577 1180 624; x_wconf 61' lang='lat' dir='ltr'>vicanos</span> <span class='ocrx_word' id='word_1_26' title='bbox 1188 579 1266 623; x_wconf 75' lang='lat' dir='ltr'>etiosa</span> 
     </span>
     <span class='ocr_line' id='line_1_5' title="bbox 231 643 1267 708; baseline -0.001 -16"><span class='ocrx_word' id='word_1_27' title='bbox 231 654 371 708; x_wconf 69' lang='lat' dir='ltr'>perpetuos</span> <span class='ocrx_word' id='word_1_28' title='bbox 382 646 604 694; x_wconf 71' lang='lat' dir='ltr'>cerauniorum</span> <span class='ocrx_word' id='word_1_29' title='bbox 614 650 773 691; x_wconf 69' lang='lat' dir='ltr'>conseatur</span> <span class='ocrx_word' id='word_1_30' title='bbox 778 657 790 702; x_wconf 90' lang='lat'>‚·</span> <span class='ocrx_word' id='word_1_31' title='bbox 809 657 917 704; x_wconf 75' lang='lat' dir='ltr'>pisorum</span> <span class='ocrx_word' id='word_1_32' title='bbox 930 643 1063 703; x_wconf 74' lang='lat' dir='ltr'><em>deputatio</em></span> <span class='ocrx_word' id='word_1_33' title='bbox 1071 643 1130 704; x_wconf 79' lang='lat' dir='ltr'>fiat</span> <span class='ocrx_word' id='word_1_34' title='bbox 1142 659 1198 691; x_wconf 77' lang='lat' dir='ltr'>eunt</span> <span class='ocrx_word' id='word_1_35' title='bbox 1203 659 1267 706; x_wconf 88' lang='lat' dir='ltr'>por·</span> 
     </span>
     <span class='ocr_line' id='line_1_6' title="bbox 477 711 1030 778; baseline -0.002 -18"><span class='ocrx_word' id='word_1_36' title='bbox 477 715 546 778; x_wconf 63' lang='lat' dir='ltr'>tione</span> <span class='ocrx_word' id='word_1_37' title='bbox 555 711 724 774; x_wconf 73' lang='lat' dir='ltr'>assignanda,</span> <span class='ocrx_word' id='word_1_38' title='bbox 734 715 814 758; x_wconf 79' lang='lat' dir='ltr'>etiam</span> <span class='ocrx_word' id='word_1_39' title='bbox 823 725 901 772; x_wconf 74' lang='lat' dir='ltr'>super</span> <span class='ocrx_word' id='word_1_40' title='bbox 908 725 939 758; x_wconf 81' lang='lat' dir='ltr'>re</span> <span class='ocrx_word' id='word_1_41' title='bbox 948 718 1030 759; x_wconf 81' lang='lat' dir='ltr'>certa.</span> 
     </span>
    </p>
   </div>
   <div class='ocr_carea' id='block_1_4' title="bbox 189 794 1310 1898">
    <p class='ocr_par' dir='ltr' id='par_1_4' title="bbox 189 794 1310 1898">
     <span class='ocr_line' id='line_1_7' title="bbox 323 794 1267 873; baseline 0 -17"><span class='ocrx_word' id='word_1_42' title='bbox 323 797 470 856; x_wconf 81' lang='lat' dir='ltr'>beneficia</span> <span class='ocrx_word' id='word_1_43' title='bbox 488 796 688 856; x_wconf 87' lang='lat' dir='ltr'>ecclesiastica</span> <span class='ocrx_word' id='word_1_44' title='bbox 703 797 855 868; x_wconf 81' lang='lat' dir='ltr'>·curata¹)‚</span> <span class='ocrx_word' id='word_1_45' title='bbox 873 813 946 873; x_wconf 89' lang='lat' dir='ltr'>quae</span> <span class='ocrx_word' id='word_1_46' title='bbox 966 794 1189 868; x_wconf 76' lang='lat' dir='ltr'>cathedralibus,</span> <span class='ocrx_word' id='word_1_47' title='bbox 1200 799 1267 856; x_wconf 83' lang='lat' dir='ltr'>col·</span> 
     </span>
     <span class='ocr_line' id='line_1_8' title="bbox 201 879 1268 962; baseline -0.004 -18"><span class='ocrx_word' id='word_1_48' title='bbox 201 885 361 962; x_wconf 67' lang='lat' dir='ltr'>elegistis,</span> <span class='ocrx_word' id='word_1_49' title='bbox 380 901 431 941; x_wconf 88' lang='lat' dir='ltr'>scu</span> <span class='ocrx_word' id='word_1_50' title='bbox 450 883 514 940; x_wconf 89' lang='lat' dir='ltr'>aliis</span> <span class='ocrx_word' id='word_1_51' title='bbox 533 880 666 940; x_wconf 89' lang='lat' dir='ltr'>ecclesiis</span> <span class='ocrx_word' id='word_1_52' title='bbox 683 880 729 937; x_wconf 86' lang='lat' dir='ltr'>vel</span> <span class='ocrx_word' id='word_1_53' title='bbox 748 880 939 951; x_wconf 86' lang='lat' dir='ltr'>monasteriis,</span> <span class='ocrx_word' id='word_1_54' title='bbox 958 879 1118 952; x_wconf 84' lang='lat' dir='ltr'>beneficiis,</span> <span class='ocrx_word' id='word_1_55' title='bbox 1138 901 1190 942; x_wconf 88' lang='lat' dir='ltr'>sen</span> <span class='ocrx_word' id='word_1_56' title='bbox 1208 884 1268 940; x_wconf 88' lang='lat' dir='ltr'>col·</span> 
     </span>
     <span class='ocr_line' id='line_1_9' title="bbox 238 962 1266 1047; baseline -0.002 -19"><span class='ocrx_word' id='word_1_57' title='bbox 238 969 321 1047; x_wconf 83' lang='lat' dir='ltr'>legiis</span> <span class='ocrx_word' id='word_1_58' title='bbox 344 977 393 1025; x_wconf 90' lang='lat' dir='ltr'>aut</span> <span class='ocrx_word' id='word_1_59' title='bbox 415 967 470 1045; x_wconf 91' lang='lat' dir='ltr'>piis</span> <span class='ocrx_word' id='word_1_60' title='bbox 494 965 566 1024; x_wconf 87' lang='lat' dir='ltr'>locis</span> <span class='ocrx_word' id='word_1_61' title='bbox 589 962 801 1043; x_wconf 85' lang='lat' dir='ltr'>quibuscunque</span> <span class='ocrx_word' id='word_1_62' title='bbox 829 973 970 1043; x_wconf 91' lang='lat' dir='ltr'>perpetuo</span> <span class='ocrx_word' id='word_1_63' title='bbox 993 967 1073 1024; x_wconf 87' lang='lat' dir='ltr'>unita</span> <span class='ocrx_word' id='word_1_64' title='bbox 1101 976 1131 1025; x_wconf 90' lang='lat' dir='ltr'>et</span> <span class='ocrx_word' id='word_1_65' title='bbox 1157 985 1266 1026; x_wconf 83' lang='lat' dir='ltr'>annexa</span> 
     </span>
     <span class='ocr_line' id='line_1_10' title="bbox 238 1046 1263 1132; baseline -0.003 -19"><span class='ocrx_word' id='word_1_66' title='bbox 238 1053 433 1132; x_wconf 90' lang='lat' dir='ltr'>reperiuntur,</span> <span class='ocrx_word' id='word_1_67' title='bbox 462 1049 497 1109; x_wconf 89' lang='lat' dir='ltr'>ab</span> <span class='ocrx_word' id='word_1_68' title='bbox 521 1046 674 1108; x_wconf 88' lang='lat' dir='ltr'>ordinariis</span> <span class='ocrx_word' id='word_1_69' title='bbox 702 1049 830 1107; x_wconf 86' lang='lat' dir='ltr'>locorum</span> <span class='ocrx_word' id='word_1_70' title='bbox 858 1049 939 1107; x_wconf 90' lang='lat' dir='ltr'>annis</span> <span class='ocrx_word' id='word_1_71' title='bbox 966 1051 1085 1128; x_wconf 81' lang='lat' dir='ltr'>singulis</span> <span class='ocrx_word' id='word_1_72' title='bbox 1107 1053 1263 1124; x_wconf 81' lang='lat' dir='ltr'>visitentur,</span> 
     </span>
     <span class='ocr_line' id='line_1_11' title="bbox 238 1132 1266 1217; baseline 0 -21"><span class='ocrx_word' id='word_1_73' title='bbox 238 1141 285 1217; x_wconf 90' lang='lat' dir='ltr'>qui</span> <span class='ocrx_word' id='word_1_74' title='bbox 304 1137 428 1196; x_wconf 89' lang='lat' dir='ltr'>sollicite</span> <span class='ocrx_word' id='word_1_75' title='bbox 450 1132 604 1214; x_wconf 86' lang='lat' dir='ltr'>providere</span> <span class='ocrx_word' id='word_1_76' title='bbox 623 1136 833 1212; x_wconf 83' lang='lat' dir='ltr'>procurent2),</span> <span class='ocrx_word' id='word_1_77' title='bbox 862 1145 893 1192; x_wconf 89' lang='lat' dir='ltr'>ut</span> <span class='ocrx_word' id='word_1_78' title='bbox 916 1133 1112 1212; x_wconf 86' lang='lat' dir='ltr'>peridoneus</span> <span class='ocrx_word' id='word_1_79' title='bbox 1134 1139 1266 1210; x_wconf 87' lang='lat' dir='ltr'>vicarios,</span> 
     </span>
     <span class='ocr_line' id='line_1_12' title="bbox 238 1216 1310 1302; baseline -0.002 -19"><span class='ocrx_word' id='word_1_80' title='bbox 238 1225 324 1284; x_wconf 88' lang='lat' dir='ltr'>etiam</span> <span class='ocrx_word' id='word_1_81' title='bbox 346 1230 518 1302; x_wconf 88' lang='lat' dir='ltr'>perpetuos,</span> <span class='ocrx_word' id='word_1_82' title='bbox 546 1220 599 1277; x_wconf 88' lang='lat' dir='ltr'>nisi</span> <span class='ocrx_word' id='word_1_83' title='bbox 623 1220 692 1297; x_wconf 89' lang='lat' dir='ltr'>ipsis</span> <span class='ocrx_word' id='word_1_84' title='bbox 720 1216 872 1277; x_wconf 84' lang='lat' dir='ltr'>ordinariis</span> <span class='ocrx_word' id='word_1_85' title='bbox 895 1237 947 1298; x_wconf 91' lang='lat' dir='ltr'>pro</span> <span class='ocrx_word' id='word_1_86' title='bbox 975 1219 1051 1278; x_wconf 90' lang='lat' dir='ltr'>bono</span> <span class='ocrx_word' id='word_1_87' title='bbox 1080 1222 1266 1280; x_wconf 85' lang='lat' dir='ltr'>ecclesiarum</span> <span class='ocrx_word' id='word_1_88' title='bbox 1309 1285 1310 1296; x_wconf 43' lang='lat'>,</span> 
     </span>
     <span class='ocr_line' id='line_1_13' title="bbox 239 1301 1310 1387; baseline -0.003 -19"><span class='ocrx_word' id='word_1_89' title='bbox 239 1309 378 1387; x_wconf 83' lang='lat' dir='ltr'>regimine</span> <span class='ocrx_word' id='word_1_90' title='bbox 397 1307 483 1365; x_wconf 84' lang='lat' dir='ltr'>aliter</span> <span class='ocrx_word' id='word_1_91' title='bbox 500 1302 638 1384; x_wconf 85' lang='lat' dir='ltr'>expedire</span> <span class='ocrx_word' id='word_1_92' title='bbox 656 1302 814 1375; x_wconf 87' lang='lat' dir='ltr'>videbitur,</span> <span class='ocrx_word' id='word_1_93' title='bbox 842 1303 878 1362; x_wconf 90' lang='lat' dir='ltr'>ab</span> <span class='ocrx_word' id='word_1_94' title='bbox 902 1306 944 1362; x_wconf 88' lang='lat' dir='ltr'>eis</span> <span class='ocrx_word' id='word_1_95' title='bbox 967 1324 1030 1364; x_wconf 88' lang='lat' dir='ltr'>cum</span> <span class='ocrx_word' id='word_1_96' title='bbox 1053 1307 1158 1364; x_wconf 78' lang='lat' dir='ltr'>tertiae</span> <span class='ocrx_word' id='word_1_97' title='bbox 1180 1310 1266 1386; x_wconf 87' lang='lat' dir='ltr'>partis</span> <span class='ocrx_word' id='word_1_98' title='bbox 1309 1301 1310 1324; x_wconf 64' lang='lat'>¹</span> 
     </span>
     <span class='ocr_line' id='line_1_14' title="bbox 238 1388 1265 1469; baseline -0.004 -16"><span class='ocrx_word' id='word_1_99' title='bbox 238 1397 391 1462; x_wconf 85' lang='lat' dir='ltr'>fructuum,</span> <span class='ocrx_word' id='word_1_100' title='bbox 405 1401 455 1450; x_wconf 88' lang='lat' dir='ltr'>aut</span> <span class='ocrx_word' id='word_1_101' title='bbox 469 1391 571 1450; x_wconf 88' lang='lat' dir='ltr'>maiori</span> <span class='ocrx_word' id='word_1_102' title='bbox 585 1389 630 1448; x_wconf 89' lang='lat' dir='ltr'>vel</span> <span class='ocrx_word' id='word_1_103' title='bbox 643 1389 756 1460; x_wconf 87' lang='lat' dir='ltr'>minori,</span> <span class='ocrx_word' id='word_1_104' title='bbox 775 1388 895 1448; x_wconf 88' lang='lat' dir='ltr'>arbitrio</span> <span class='ocrx_word' id='word_1_105' title='bbox 910 1391 1034 1469; x_wconf 90' lang='lat' dir='ltr'>ipsorum</span> <span class='ocrx_word' id='word_1_106' title='bbox 1050 1390 1265 1462; x_wconf 88' lang='lat' dir='ltr'>ordinariorum,</span> 
     </span>
     <span class='ocr_line' id='line_1_15' title="bbox 239 1473 1265 1560; baseline -0.003 -22"><span class='ocrx_word' id='word_1_107' title='bbox 239 1480 384 1560; x_wconf 86' lang='lat' dir='ltr'>portione,</span> <span class='ocrx_word' id='word_1_108' title='bbox 403 1477 489 1535; x_wconf 90' lang='lat' dir='ltr'>etiam</span> <span class='ocrx_word' id='word_1_109' title='bbox 507 1493 594 1555; x_wconf 87' lang='lat' dir='ltr'>super</span> <span class='ocrx_word' id='word_1_110' title='bbox 612 1482 743 1533; x_wconf 89' lang='lat' dir='ltr'>certare</span> <span class='ocrx_word' id='word_1_111' title='bbox 761 1473 948 1552; x_wconf 79' lang='lat' dir='ltr'>assignanda,</span> <span class='ocrx_word' id='word_1_112' title='bbox 966 1474 1072 1536; x_wconf 89' lang='lat' dir='ltr'>ibidem</span> <span class='ocrx_word' id='word_1_113' title='bbox 1091 1474 1265 1556; x_wconf 90' lang='lat' dir='ltr'>deputandos</span> 
     </span>
     <span class='ocr_line' id='line_1_16' title="bbox 189 1558 1265 1642; baseline -0.003 -18"><span class='ocrx_word' id='word_1_114' title='bbox 189 1619 192 1624; x_wconf 88' lang='lat'>.</span> <span class='ocrx_word' id='word_1_115' title='bbox 240 1567 395 1625; x_wconf 89' lang='lat' dir='ltr'>animarum</span> <span class='ocrx_word' id='word_1_116' title='bbox 415 1580 485 1620; x_wconf 91' lang='lat' dir='ltr'>cura</span> <span class='ocrx_word' id='word_1_117' title='bbox 503 1558 686 1619; x_wconf 81' lang='lat' dir='ltr'>laudabiliter</span> <span class='ocrx_word' id='word_1_118' title='bbox 703 1571 890 1632; x_wconf 76' lang='lat' dir='ltr'>exerceatur3</span> <span class='ocrx_word' id='word_1_119' title='bbox 910 1561 1163 1640; x_wconf 81' lang='lat' dir='ltr'>appellationibus,</span> <span class='ocrx_word' id='word_1_120' title='bbox 1182 1564 1265 1642; x_wconf 82' lang='lat' dir='ltr'>priri-</span> 
     </span>
     <span class='ocr_line' id='line_1_17' title="bbox 241 1644 1264 1730; baseline -0.004 -20"><span class='ocrx_word' id='word_1_121' title='bbox 241 1651 341 1730; x_wconf 82' lang='lat' dir='ltr'>legiis,</span> <span class='ocrx_word' id='word_1_122' title='bbox 369 1645 617 1726; x_wconf 86' lang='lat' dir='ltr'>exemptionibus,</span> <span class='ocrx_word' id='word_1_123' title='bbox 649 1646 735 1704; x_wconf 90' lang='lat' dir='ltr'>etiam</span> <span class='ocrx_word' id='word_1_124' title='bbox 763 1664 826 1704; x_wconf 91' lang='lat' dir='ltr'>cum</span> <span class='ocrx_word' id='word_1_125' title='bbox 852 1644 978 1705; x_wconf 88' lang='lat' dir='ltr'>iudicum</span> <span class='ocrx_word' id='word_1_126' title='bbox 1005 1645 1209 1726; x_wconf 83' lang='lat' dir='ltr'>deputatione,</span> <span class='ocrx_word' id='word_1_127' title='bbox 1239 1659 1264 1706; x_wconf 92' lang='lat' dir='ltr'>ct</span> 
     </span>
     <span class='ocr_line' id='line_1_18' title="bbox 239 1729 1263 1810; baseline -0.004 -16"><span class='ocrx_word' id='word_1_128' title='bbox 239 1737 353 1795; x_wconf 89' lang='lat' dir='ltr'>illorum</span> <span class='ocrx_word' id='word_1_129' title='bbox 371 1731 587 1792; x_wconf 83' lang='lat' dir='ltr'>inhibitionibus</span> <span class='ocrx_word' id='word_1_130' title='bbox 606 1729 818 1808; x_wconf 85' lang='lat' dir='ltr'>quibuscunque</span> <span class='ocrx_word' id='word_1_131' title='bbox 841 1732 870 1790; x_wconf 91' lang='lat' dir='ltr'>in</span> <span class='ocrx_word' id='word_1_132' title='bbox 892 1732 1057 1810; x_wconf 87' lang='lat' dir='ltr'>praemissis</span> <span class='ocrx_word' id='word_1_133' title='bbox 1080 1733 1195 1792; x_wconf 89' lang='lat' dir='ltr'>minime</span> <span class='ocrx_word' id='word_1_134' title='bbox 1211 1733 1263 1791; x_wconf 88' lang='lat' dir='ltr'>sui-</span> 
     </span>
     <span class='ocr_line' id='line_1_19' title="bbox 239 1819 428 1898; baseline -0.026 -18"><span class='ocrx_word' id='word_1_135' title='bbox 239 1819 428 1898; x_wconf 80' lang='lat' dir='ltr'>fragentibus.</span> 
     </span>
    </p>
   </div>
   <div class='ocr_carea' id='block_1_5' title="bbox 268 1921 1243 1981">
    <p class='ocr_par' dir='ltr' id='par_1_5' title="bbox 268 1921 1243 1981">
     <span class='ocr_line' id='line_1_20' title="bbox 268 1921 1243 1981; baseline -0.004 -10"><span class='ocrx_word' id='word_1_136' title='bbox 268 1925 371 1971; x_wconf 86' lang='lat' dir='ltr'>c.vss1.</span> <span class='ocrx_word' id='word_1_137' title='bbox 408 1921 541 1970; x_wconf 81' lang='lat' dir='ltr'>Ecclesiae</span> <span class='ocrx_word' id='word_1_138' title='bbox 550 1926 715 1981; x_wconf 74' lang='lat' dir='ltr'>reparentur.</span> <span class='ocrx_word' id='word_1_139' title='bbox 752 1921 824 1966; x_wconf 79' lang='lat' dir='ltr'>Cura</span> <span class='ocrx_word' id='word_1_140' title='bbox 833 1922 980 1968; x_wconf 75' lang='lat' dir='ltr'>ons&#39;marusa</span> <span class='ocrx_word' id='word_1_141' title='bbox 990 1921 1101 1970; x_wconf 81' lang='lat' dir='ltr'>sollicite</span> <span class='ocrx_word' id='word_1_142' title='bbox 1110 1921 1243 1969; x_wconf 81' lang='lat' dir='ltr'>habeatur.</span> 
     </span>
    </p>
   </div>
   <div class='ocr_carea' id='block_1_6' title="bbox 241 2004 1309 2684">
    <p class='ocr_par' dir='ltr' id='par_1_6' title="bbox 241 2004 1309 2684">
     <span class='ocr_line' id='line_1_21' title="bbox 326 2004 1262 2084; baseline -0.004 -16"><span class='ocrx_word' id='word_1_143' title='bbox 326 2007 471 2068; x_wconf 85' lang='lat' dir='ltr'>Locorum</span> <span class='ocrx_word' id='word_1_144' title='bbox 503 2004 642 2067; x_wconf 89' lang='lat' dir='ltr'>ordinarii</span> <span class='ocrx_word' id='word_1_145' title='bbox 674 2005 814 2064; x_wconf 88' lang='lat' dir='ltr'>ecclesias</span> <span class='ocrx_word' id='word_1_146' title='bbox 846 2025 1026 2084; x_wconf 87' lang='lat' dir='ltr'>quascunque</span> <span class='ocrx_word' id='word_1_147' title='bbox 1059 2005 1262 2084; x_wconf 85' lang='lat' dir='ltr'>quomodolibet</span> 
     </span>
     <span class='ocr_line' id='line_1_22' title="bbox 242 2089 1263 2174; baseline -0.004 -19"><span class='ocrx_word' id='word_1_148' title='bbox 242 2101 389 2174; x_wconf 84' lang='lat' dir='ltr'>exemptas</span> <span class='ocrx_word' id='word_1_149' title='bbox 407 2093 582 2152; x_wconf 88' lang='lat' dir='ltr'>auctoritate</span> <span class='ocrx_word' id='word_1_150' title='bbox 601 2092 761 2170; x_wconf 88' lang='lat' dir='ltr'>apostolica</span> <span class='ocrx_word' id='word_1_151' title='bbox 780 2092 899 2170; x_wconf 81' lang='lat' dir='ltr'>singulis</span> <span class='ocrx_word' id='word_1_152' title='bbox 918 2093 998 2150; x_wconf 89' lang='lat' dir='ltr'>annis</span> <span class='ocrx_word' id='word_1_153' title='bbox 1017 2089 1133 2152; x_wconf 82' lang='lat' dir='ltr'>visitare</span> <span class='ocrx_word' id='word_1_154' title='bbox 1153 2103 1263 2154; x_wconf 86' lang='lat' dir='ltr'>tenean-</span> 
     </span>
     <span class='ocr_line' id='line_1_23' title="bbox 242 2175 1263 2260; baseline 0.002 -22"><span class='ocrx_word' id='word_1_155' title='bbox 242 2181 337 2254; x_wconf 80' lang='lat' dir='ltr'>tur³),</span> <span class='ocrx_word' id='word_1_156' title='bbox 357 2187 387 2237; x_wconf 90' lang='lat' dir='ltr'>et</span> <span class='ocrx_word' id='word_1_157' title='bbox 410 2178 578 2257; x_wconf 88' lang='lat' dir='ltr'>opportunis</span> <span class='ocrx_word' id='word_1_158' title='bbox 601 2179 670 2235; x_wconf 88' lang='lat' dir='ltr'>iuris</span> <span class='ocrx_word' id='word_1_159' title='bbox 693 2176 829 2238; x_wconf 81' lang='lat' dir='ltr'>remediis</span> <span class='ocrx_word' id='word_1_160' title='bbox 851 2175 1019 2259; x_wconf 87' lang='lat' dir='ltr'>providere,</span> <span class='ocrx_word' id='word_1_161' title='bbox 1042 2190 1074 2238; x_wconf 93' lang='lat' dir='ltr'>ut</span> <span class='ocrx_word' id='word_1_162' title='bbox 1097 2200 1170 2258; x_wconf 86' lang='lat' dir='ltr'>quac</span> <span class='ocrx_word' id='word_1_163' title='bbox 1189 2200 1263 2260; x_wconf 88' lang='lat' dir='ltr'>repa-</span> 
     </span>
     <span class='ocr_line' id='line_1_24' title="bbox 243 2260 1263 2345; baseline 0.003 -24"><span class='ocrx_word' id='word_1_164' title='bbox 243 2265 355 2323; x_wconf 90' lang='lat' dir='ltr'>ratione</span> <span class='ocrx_word' id='word_1_165' title='bbox 379 2260 512 2340; x_wconf 81' lang='lat' dir='ltr'>indigent</span> <span class='ocrx_word' id='word_1_166' title='bbox 533 2273 717 2340; x_wconf 89' lang='lat' dir='ltr'>reparentur,</span> <span class='ocrx_word' id='word_1_167' title='bbox 746 2274 776 2322; x_wconf 91' lang='lat' dir='ltr'>et</span> <span class='ocrx_word' id='word_1_168' title='bbox 799 2285 868 2324; x_wconf 90' lang='lat' dir='ltr'>cura</span> <span class='ocrx_word' id='word_1_169' title='bbox 891 2267 1060 2338; x_wconf 86' lang='lat' dir='ltr'>animarum,</span> <span class='ocrx_word' id='word_1_170' title='bbox 1088 2268 1112 2324; x_wconf 88' lang='lat' dir='ltr'>si</span> <span class='ocrx_word' id='word_1_171' title='bbox 1140 2286 1195 2345; x_wconf 87' lang='lat' dir='ltr'>qna</span> <span class='ocrx_word' id='word_1_172' title='bbox 1216 2268 1263 2325; x_wconf 88' lang='lat' dir='ltr'>illis</span> 
     </span>
     <span class='ocr_line' id='line_1_25' title="bbox 241 2346 1309 2430; baseline 0.003 -22"><span class='ocrx_word' id='word_1_173' title='bbox 241 2351 398 2419; x_wconf 87' lang='lat' dir='ltr'>immineat,</span> <span class='ocrx_word' id='word_1_174' title='bbox 417 2348 537 2424; x_wconf 89' lang='lat' dir='ltr'>aliisque</span> <span class='ocrx_word' id='word_1_175' title='bbox 556 2346 661 2408; x_wconf 89' lang='lat' dir='ltr'>debitis</span> <span class='ocrx_word' id='word_1_176' title='bbox 685 2349 829 2429; x_wconf 89' lang='lat' dir='ltr'>obsequiis</span> <span class='ocrx_word' id='word_1_177' title='bbox 848 2351 960 2411; x_wconf 86' lang='lat' dir='ltr'>minime</span> <span class='ocrx_word' id='word_1_178' title='bbox 980 2350 1200 2424; x_wconf 80' lang='lat' dir='ltr'>defraudentur3</span> <span class='ocrx_word' id='word_1_179' title='bbox 1222 2372 1264 2430; x_wconf 90' lang='lat' dir='ltr'>ap·</span> <span class='ocrx_word' id='word_1_180' title='bbox 1308 2353 1309 2420; x_wconf 48' lang='grc' dir='ltr'>ζ</span> 
     </span>
     <span class='ocr_line' id='line_1_26' title="bbox 242 2433 1265 2518; baseline -0.001 -23"><span class='ocrx_word' id='word_1_181' title='bbox 242 2433 459 2518; x_wconf 89' lang='lat' dir='ltr'>pellatiouibus,</span> <span class='ocrx_word' id='word_1_182' title='bbox 487 2433 655 2514; x_wconf 85' lang='lat' dir='ltr'>privilegiis,</span> <span class='ocrx_word' id='word_1_183' title='bbox 675 2435 941 2510; x_wconf 87' lang='lat' dir='ltr'>consuetudinibus,</span> <span class='ocrx_word' id='word_1_184' title='bbox 969 2439 1054 2496; x_wconf 87' lang='lat' dir='ltr'>etiam</span> <span class='ocrx_word' id='word_1_185' title='bbox 1073 2439 1109 2497; x_wconf 93' lang='lat' dir='ltr'>ab</span> <span class='ocrx_word' id='word_1_186' title='bbox 1128 2440 1265 2498; x_wconf 86' lang='lat' dir='ltr'>immemo-</span> 
     </span>
     <span class='ocr_line' id='line_1_27' title="bbox 243 2519 1264 2602; baseline 0.001 -22"><span class='ocrx_word' id='word_1_187' title='bbox 243 2522 327 2580; x_wconf 88' lang='lat' dir='ltr'>rabili</span> <span class='ocrx_word' id='word_1_188' title='bbox 346 2530 475 2598; x_wconf 90' lang='lat' dir='ltr'>tempore</span> <span class='ocrx_word' id='word_1_189' title='bbox 494 2521 690 2598; x_wconf 86' lang='lat' dir='ltr'>praescriptis,</span> <span class='ocrx_word' id='word_1_190' title='bbox 710 2519 833 2581; x_wconf 89' lang='lat' dir='ltr'>iudicum</span> <span class='ocrx_word' id='word_1_191' title='bbox 853 2521 1084 2602; x_wconf 88' lang='lat' dir='ltr'>deputationibus</span> <span class='ocrx_word' id='word_1_192' title='bbox 1107 2533 1138 2582; x_wconf 90' lang='lat' dir='ltr'>et</span> <span class='ocrx_word' id='word_1_193' title='bbox 1160 2525 1264 2582; x_wconf 89' lang='lat' dir='ltr'>illorum</span> 
     </span>
     <span class='ocr_line' id='line_1_28' title="bbox 244 2605 741 2684; baseline -0.002 -19"><span class='ocrx_word' id='word_1_194' title='bbox 244 2605 459 2665; x_wconf 87' lang='lat' dir='ltr'>inhibitionibus</span> <span class='ocrx_word' id='word_1_195' title='bbox 476 2607 589 2684; x_wconf 90' lang='lat' dir='ltr'>penitus</span> <span class='ocrx_word' id='word_1_196' title='bbox 608 2607 741 2666; x_wconf 84' lang='lat' dir='ltr'>exclusis.</span> 
     </span>
    </p>
   </div>
   <div class='ocr_carea' id='block_1_7' title="bbox 329 2741 1093 2808">
    <p class='ocr_par' dir='ltr' id='par_1_7' title="bbox 329 2741 1093 2808">
     <span class='ocr_line' id='line_1_29' title="bbox 329 2741 1093 2808; baseline 0.021 -25"><span class='ocrx_word' id='word_1_197' title='bbox 329 2767 338 2782; x_wconf 70' lang='grc'>.</span> <span class='ocrx_word' id='word_1_198' title='bbox 423 2743 450 2787; x_wconf 84' lang='lat' dir='ltr'>c.</span> <span class='ocrx_word' id='word_1_199' title='bbox 461 2742 505 2788; x_wconf 84' lang='grc' dir='ltr'>ΙΧ.</span> <span class='ocrx_word' id='word_1_200' title='bbox 540 2741 634 2790; x_wconf 80' lang='lat' dir='ltr'>Munus</span> <span class='ocrx_word' id='word_1_201' title='bbox 644 2745 847 2792; x_wconf 81' lang='lat' dir='ltr'>consecrationis</span> <span class='ocrx_word' id='word_1_202' title='bbox 856 2759 906 2792; x_wconf 79' lang='lat' dir='ltr'>noa</span> <span class='ocrx_word' id='word_1_203' title='bbox 916 2745 1093 2808; x_wconf 67' lang='lat' dir='ltr'>differendum.</span> 
     </span>
    </p>
   </div>
   <div class='ocr_carea' id='block_1_8' title="bbox 208 2827 1264 3078">
    <p class='ocr_par' dir='ltr' id='par_1_8' title="bbox 208 2827 1264 3078">
     <span class='ocr_line' id='line_1_30' title="bbox 208 2827 1263 2908; baseline 0.008 -23"><span class='ocrx_word' id='word_1_204' title='bbox 208 2861 234 2902; x_wconf 65' lang='grc' dir='ltr'>ῃ</span> <span class='ocrx_word' id='word_1_205' title='bbox 330 2827 376 2886; x_wconf 81' lang='lat' dir='ltr'>Ad</span> <span class='ocrx_word' id='word_1_206' title='bbox 396 2827 519 2886; x_wconf 87' lang='lat' dir='ltr'>maiores</span> <span class='ocrx_word' id='word_1_207' title='bbox 541 2828 681 2887; x_wconf 88' lang='lat' dir='ltr'>ecclesias</span> <span class='ocrx_word' id='word_1_208' title='bbox 699 2830 822 2908; x_wconf 85' lang='lat' dir='ltr'>promoti</span> <span class='ocrx_word' id='word_1_209' title='bbox 841 2849 939 2889; x_wconf 86' lang='lat' dir='ltr'>munus</span> <span class='ocrx_word' id='word_1_210' title='bbox 958 2835 1185 2894; x_wconf 89' lang='lat' dir='ltr'>consecrationis</span> <span class='ocrx_word' id='word_1_211' title='bbox 1200 2835 1263 2893; x_wconf 84' lang='lat' dir='ltr'>inira</span> 
     </span>
     <span class='ocr_line' id='line_1_31' title="bbox 245 2914 1264 2996; baseline 0.004 -22"><span class='ocrx_word' id='word_1_212' title='bbox 245 2925 394 2994; x_wconf 87' lang='lat' dir='ltr'>tempusa</span> <span class='ocrx_word' id='word_1_213' title='bbox 417 2914 479 2972; x_wconf 91' lang='lat' dir='ltr'>iure</span> <span class='ocrx_word' id='word_1_214' title='bbox 503 2922 637 2971; x_wconf 89' lang='lat' dir='ltr'>statutum</span> <span class='ocrx_word' id='word_1_215' title='bbox 660 2915 873 2992; x_wconf 79' lang='lat' dir='ltr'>suscipiant⁴),</span> <span class='ocrx_word' id='word_1_216' title='bbox 902 2927 932 2974; x_wconf 94' lang='lat' dir='ltr'>et</span> <span class='ocrx_word' id='word_1_217' title='bbox 952 2921 1177 2996; x_wconf 85' lang='lat' dir='ltr'>prorogationes</span> <span class='ocrx_word' id='word_1_218' title='bbox 1199 2921 1264 2979; x_wconf 84' lang='lat' dir='ltr'>ultra</span> 
     </span>
     <span class='ocr_line' id='line_1_32' title="bbox 244 2999 905 3078; baseline 0 -19"><span class='ocrx_word' id='word_1_219' title='bbox 244 3019 295 3059; x_wconf 78' lang='lat' dir='ltr'>sex</span> <span class='ocrx_word' id='word_1_220' title='bbox 315 3018 425 3059; x_wconf 88' lang='lat' dir='ltr'>menses</span> <span class='ocrx_word' id='word_1_221' title='bbox 445 3017 600 3060; x_wconf 84' lang='lat' dir='ltr'>concessae</span> <span class='ocrx_word' id='word_1_222' title='bbox 619 3000 688 3058; x_wconf 90' lang='lat' dir='ltr'>nulli</span> <span class='ocrx_word' id='word_1_223' title='bbox 706 2999 905 3078; x_wconf 83' lang='lat' dir='ltr'>suffragentur.</span> 
     </span>
    </p>
   </div>
   <div class='ocr_carea' id='block_1_9' title="bbox 244 3137 1265 3274">
    <p class='ocr_par' dir='ltr' id='par_1_9' title="bbox 244 3137 1265 3274">
     <span class='ocr_line' id='line_1_33' title="bbox 245 3137 1265 3202; baseline 0.002 -16"><span class='ocrx_word' id='word_1_224' title='bbox 245 3140 272 3186; x_wconf 82' lang='lat' dir='ltr'>C.</span> <span class='ocrx_word' id='word_1_225' title='bbox 280 3137 315 3187; x_wconf 84' lang='lat' dir='ltr'>X.</span> <span class='ocrx_word' id='word_1_226' title='bbox 352 3137 415 3186; x_wconf 80' lang='lat' dir='ltr'>Sede</span> <span class='ocrx_word' id='word_1_227' title='bbox 424 3143 536 3185; x_wconf 80' lang='lat' dir='ltr'>vocante</span> <span class='ocrx_word' id='word_1_228' title='bbox 545 3138 662 3198; x_wconf 80' lang='lat' dir='ltr'>capitula</span> <span class='ocrx_word' id='word_1_229' title='bbox 671 3139 739 3186; x_wconf 79' lang='lat' dir='ltr'>ouili</span> <span class='ocrx_word' id='word_1_230' title='bbox 749 3137 810 3189; x_wconf 79' lang='lat' dir='ltr'>deut</span> <span class='ocrx_word' id='word_1_231' title='bbox 824 3138 992 3202; x_wconf 78' lang='lat' dir='ltr'>reverendus,</span> <span class='ocrx_word' id='word_1_232' title='bbox 1008 3143 1062 3190; x_wconf 76' lang='lat' dir='ltr'>nisi</span> <span class='ocrx_word' id='word_1_233' title='bbox 1073 3149 1182 3191; x_wconf 84' lang='lat' dir='ltr'>arctato</span> <span class='ocrx_word' id='word_1_234' title='bbox 1197 3157 1265 3190; x_wconf 80' lang='lat' dir='ltr'>occa·</span> 
     </span>
     <span class='ocr_line' id='line_1_34' title="bbox 244 3205 1264 3274; baseline 0.001 -20"><span class='ocrx_word' id='word_1_235' title='bbox 244 3208 315 3254; x_wconf 77' lang='lat' dir='ltr'>sione</span> <span class='ocrx_word' id='word_1_236' title='bbox 329 3206 459 3254; x_wconf 79' lang='lat' dir='ltr'>obtinendi</span> <span class='ocrx_word' id='word_1_237' title='bbox 470 3212 520 3253; x_wconf 70' lang='lat' dir='ltr'>ant</span> <span class='ocrx_word' id='word_1_238' title='bbox 534 3205 633 3253; x_wconf 79' lang='lat' dir='ltr'>obtenti</span> <span class='ocrx_word' id='word_1_239' title='bbox 644 3205 778 3268; x_wconf 51' lang='lat' dir='ltr'>benefici&amp;</span> <span class='ocrx_word' id='word_1_240' title='bbox 801 3210 893 3255; x_wconf 61' lang='lat' dir='ltr'>nomae</span> <span class='ocrx_word' id='word_1_241' title='bbox 906 3213 1156 3259; x_wconf 64' lang='lat' dir='ltr'>contravenientem</span> <span class='ocrx_word' id='word_1_242' title='bbox 1165 3222 1264 3274; x_wconf 73' lang='lat' dir='ltr'>poenos</span> 
     </span>
    </p>
   </div>
   <div class='ocr_carea' id='block_1_10' title="bbox 158 3288 1308 3636">
    <p class='ocr_par' dir='ltr' id='par_1_10' title="bbox 158 3288 1308 3664">
     <span class='ocr_line' id='line_1_35' title="bbox 329 3288 1264 3368; baseline 0.001 -17"><span class='ocrx_word' id='word_1_243' title='bbox 329 3288 397 3351; x_wconf 90' lang='lat' dir='ltr'>Non</span> <span class='ocrx_word' id='word_1_244' title='bbox 415 3291 503 3351; x_wconf 89' lang='lat' dir='ltr'>liceat</span> <span class='ocrx_word' id='word_1_245' title='bbox 517 3291 647 3368; x_wconf 89' lang='lat' dir='ltr'>capitulis</span> <span class='ocrx_word' id='word_1_246' title='bbox 661 3293 849 3352; x_wconf 89' lang='lat' dir='ltr'>ecclesiarum</span> <span class='ocrx_word' id='word_1_247' title='bbox 863 3292 932 3354; x_wconf 88' lang='lat' dir='ltr'>sede</span> <span class='ocrx_word' id='word_1_248' title='bbox 946 3307 1067 3356; x_wconf 90' lang='lat' dir='ltr'>vacante</span> <span class='ocrx_word' id='word_1_249' title='bbox 1082 3296 1158 3355; x_wconf 85' lang='lat' dir='ltr'>inira</span> <span class='ocrx_word' id='word_1_250' title='bbox 1170 3313 1264 3356; x_wconf 87' lang='lat' dir='ltr'>annum</span> 
     </span>
     <span class='ocr_line' id='line_1_36' title="bbox 243 3375 1308 3450; baseline 0.002 -14"><span class='ocrx_word' id='word_1_251' title='bbox 243 3375 327 3437; x_wconf 86' lang='lat' dir='ltr'>adie</span> <span class='ocrx_word' id='word_1_252' title='bbox 349 3376 509 3436; x_wconf 75' lang='lat' dir='ltr'>vacadonis</span> <span class='ocrx_word' id='word_1_253' title='bbox 536 3375 688 3435; x_wconf 90' lang='lat' dir='ltr'>ordinandi</span> <span class='ocrx_word' id='word_1_254' title='bbox 710 3378 868 3450; x_wconf 89' lang='lat' dir='ltr'>licentiam,</span> <span class='ocrx_word' id='word_1_255' title='bbox 897 3390 945 3438; x_wconf 87' lang='lat' dir='ltr'>aut</span> <span class='ocrx_word' id='word_1_256' title='bbox 971 3380 1069 3440; x_wconf 88' lang='lat' dir='ltr'>literas</span> <span class='ocrx_word' id='word_1_257' title='bbox 1097 3379 1265 3442; x_wconf 85' lang='lat' dir='ltr'>dimissorias</span> <span class='ocrx_word' id='word_1_258' title='bbox 1307 3391 1308 3396; x_wconf 76' lang='grc'>’</span> 
     </span>
     <span class='ocr_line' id='line_1_37' title="bbox 244 3459 1308 3552; baseline 0.004 -32"><span class='ocrx_word' id='word_1_259' title='bbox 244 3479 296 3521; x_wconf 86' lang='lat' dir='ltr'>sea</span> <span class='ocrx_word' id='word_1_260' title='bbox 314 3459 498 3534; x_wconf 87' lang='lat' dir='ltr'>reverendas,</span> <span class='ocrx_word' id='word_1_261' title='bbox 517 3470 549 3520; x_wconf 88' lang='lat' dir='ltr'>nt</span> <span class='ocrx_word' id='word_1_262' title='bbox 566 3462 651 3541; x_wconf 88' lang='lat' dir='ltr'>aliqui</span> <span class='ocrx_word' id='word_1_263' title='bbox 666 3474 780 3536; x_wconf 87' lang='lat' dir='ltr'>vocant,</span> <span class='ocrx_word' id='word_1_264' title='bbox 799 3473 856 3523; x_wconf 67' lang='lat' dir='ltr'>mm</span> <span class='ocrx_word' id='word_1_265' title='bbox 870 3483 908 3524; x_wconf 83' lang='lat' dir='ltr'>ex</span> <span class='ocrx_word' id='word_1_266' title='bbox 921 3466 990 3524; x_wconf 89' lang='lat' dir='ltr'>iuris</span> <span class='ocrx_word' id='word_1_267' title='bbox 1005 3468 1161 3526; x_wconf 89' lang='lat' dir='ltr'>communis</span> <span class='ocrx_word' id='word_1_268' title='bbox 1176 3467 1265 3546; x_wconf 85' lang='lat' dir='ltr'>dispo·</span> <span class='ocrx_word' id='word_1_269' title='bbox 1306 3511 1308 3552; x_wconf 77' lang='lat' dir='ltr'>t</span> 
     </span>
     <span class='ocr_line' id='line_1_38' title="bbox 158 3547 1266 3636; baseline 0.002 -30"><span class='ocrx_word' id='word_1_270' title='bbox 158 3617 168 3636; x_wconf 36' lang='grc' dir='ltr'><em>Ι</em></span> <span class='ocrx_word' id='word_1_271' title='bbox 245 3547 350 3606; x_wconf 87' lang='lat' dir='ltr'>sitione</span> <span class='ocrx_word' id='word_1_272' title='bbox 360 3547 400 3622; x_wconf 75' lang='lat'>⁵),</span> <span class='ocrx_word' id='word_1_273' title='bbox 419 3567 501 3626; x_wconf 93' lang='lat' dir='ltr'>quam</span> <span class='ocrx_word' id='word_1_274' title='bbox 520 3548 605 3607; x_wconf 91' lang='lat' dir='ltr'>etiam</span> <span class='ocrx_word' id='word_1_275' title='bbox 625 3548 746 3608; x_wconf 89' lang='lat' dir='ltr'>cuiusvis</span> <span class='ocrx_word' id='word_1_276' title='bbox 764 3550 908 3628; x_wconf 81' lang='lat' dir='ltr'>privilegii</span> <span class='ocrx_word' id='word_1_277' title='bbox 926 3563 976 3610; x_wconf 87' lang='lat' dir='ltr'>aut</span> <span class='ocrx_word' id='word_1_278' title='bbox 998 3550 1212 3612; x_wconf 89' lang='lat' dir='ltr'>consuetudinis</span> <span class='ocrx_word' id='word_1_279' title='bbox 1229 3553 1266 3610; x_wconf 76' lang='lat' dir='ltr'>si·</span> 
     </span>
    </p>
   </div>
   <div class='ocr_carea' id='block_1_11' title="bbox 242 3708 1267 3974">
    <p class='ocr_par' dir='ltr' id='par_1_11' title="bbox 242 3708 1267 3974">
     <span class='ocr_line' id='line_1_39' title="bbox 297 3708 1267 3773; baseline 0.005 -18"><span class='ocrx_word' id='word_1_280' title='bbox 297 3710 374 3755; x_wconf 84' lang='lat' dir='ltr'>Sess.</span> <span class='ocrx_word' id='word_1_281' title='bbox 384 3708 439 3753; x_wconf 84' lang='lat' dir='ltr'>vn.</span> <span class='ocrx_word' id='word_1_282' title='bbox 459 3715 470 3753; x_wconf 84' lang='lat'><strong>1</strong></span> <span class='ocrx_word' id='word_1_283' title='bbox 488 3711 518 3757; x_wconf 82' lang='lat' dir='ltr'>ei.</span> <span class='ocrx_word' id='word_1_284' title='bbox 525 3711 589 3756; x_wconf 79' lang='lat' dir='ltr'>Sese.</span> <span class='ocrx_word' id='word_1_285' title='bbox 599 3711 665 3757; x_wconf 82' lang='lat' dir='ltr'>xlv.</span> <span class='ocrx_word' id='word_1_286' title='bbox 677 3727 697 3758; x_wconf 86' lang='lat' dir='ltr'>c.</span> <span class='ocrx_word' id='word_1_287' title='bbox 707 3715 727 3758; x_wconf 71' lang='lat'>0.</span> <span class='ocrx_word' id='word_1_288' title='bbox 736 3737 762 3748; x_wconf 95' lang='lat'><em>-</em></span> <span class='ocrx_word' id='word_1_289' title='bbox 771 3716 794 3770; x_wconf 79' lang='lat'>2)</span> <span class='ocrx_word' id='word_1_290' title='bbox 805 3714 836 3759; x_wconf 82' lang='lat' dir='ltr'>ci.</span> <span class='ocrx_word' id='word_1_291' title='bbox 847 3729 910 3773; x_wconf 86' lang='lat' dir='ltr'>supr.</span> <span class='ocrx_word' id='word_1_292' title='bbox 921 3731 940 3761; x_wconf 84' lang='lat' dir='ltr'>c.</span> <span class='ocrx_word' id='word_1_293' title='bbox 950 3720 970 3759; x_wconf 70' lang='lat' dir='ltr'>b.</span> <span class='ocrx_word' id='word_1_294' title='bbox 982 3724 1006 3760; x_wconf 85' lang='lat' dir='ltr'>et</span> <span class='ocrx_word' id='word_1_295' title='bbox 1015 3717 1069 3761; x_wconf 78' lang='lat' dir='ltr'>infr.</span> <span class='ocrx_word' id='word_1_296' title='bbox 1077 3717 1138 3763; x_wconf 77' lang='lat' dir='ltr'>Sese.</span> <span class='ocrx_word' id='word_1_297' title='bbox 1151 3716 1229 3762; x_wconf 76' lang='lat' dir='ltr'>XXV.</span> <span class='ocrx_word' id='word_1_298' title='bbox 1241 3711 1267 3752; x_wconf 63' lang='lat' dir='ltr'>‘lt</span> 
     </span>
     <span class='ocr_line' id='line_1_40' title="bbox 242 3761 1266 3860; baseline 0.007 -57"><span class='ocrx_word' id='word_1_299' title='bbox 242 3761 290 3805; x_wconf 82' lang='lat' dir='ltr'>rei.</span> <span class='ocrx_word' id='word_1_300' title='bbox 301 3776 321 3806; x_wconf 91' lang='lat' dir='ltr'>c.</span> <span class='ocrx_word' id='word_1_301' title='bbox 331 3763 363 3804; x_wconf 80' lang='lat' dir='ltr'>ts.</span> <span class='ocrx_word' id='word_1_302' title='bbox 372 3783 399 3795; x_wconf 91' lang='lat'><em>-</em></span> <span class='ocrx_word' id='word_1_303' title='bbox 419 3763 465 3815; x_wconf 70' lang='lat' dir='ltr'>dle</span> <span class='ocrx_word' id='word_1_304' title='bbox 478 3795 482 3804; x_wconf 92' lang='lat'>.</span> <span class='ocrx_word' id='word_1_305' title='bbox 493 3777 513 3806; x_wconf 85' lang='lat' dir='ltr'>e.</span> <span class='ocrx_word' id='word_1_306' title='bbox 524 3766 556 3807; x_wconf 82' lang='lat'>10.</span> <span class='ocrx_word' id='word_1_307' title='bbox 567 3763 593 3808; x_wconf 82' lang='lat' dir='ltr'>G.</span> <span class='ocrx_word' id='word_1_308' title='bbox 602 3761 682 3829; x_wconf 60' lang='lat' dir='ltr'>X3qn.</span> <span class='ocrx_word' id='word_1_309' title='bbox 693 3769 712 3808; x_wconf 87' lang='lat' dir='ltr'>t.</span> <span class='ocrx_word' id='word_1_310' title='bbox 723 3774 798 3820; x_wconf 72' lang='lat' dir='ltr'>tenne.</span> <span class='ocrx_word' id='word_1_311' title='bbox 809 3765 919 3822; x_wconf 75' lang='lat' dir='ltr'>Terrae.)</span> <span class='ocrx_word' id='word_1_312' title='bbox 929 3782 949 3811; x_wconf 88' lang='lat' dir='ltr'>c.</span> <span class='ocrx_word' id='word_1_313' title='bbox 960 3772 992 3812; x_wconf 85' lang='lat' dir='ltr'>tt.</span> <span class='ocrx_word' id='word_1_314' title='bbox 1003 3769 1053 3812; x_wconf 73' lang='lat' dir='ltr'>sat.</span> <span class='ocrx_word' id='word_1_315' title='bbox 1065 3773 1140 3823; x_wconf 86' lang='lat' dir='ltr'>(cone.</span> <span class='ocrx_word' id='word_1_316' title='bbox 1151 3768 1206 3812; x_wconf 85' lang='lat' dir='ltr'>Tol.</span> <span class='ocrx_word' id='word_1_317' title='bbox 1218 3767 1266 3860; x_wconf 51' lang='grc' dir='ltr'>ΙΨ</span> 
     </span>
     <span class='ocr_line' id='line_1_41' title="bbox 242 3811 1266 3867; baseline 0.007 -14"><span class='ocrx_word' id='word_1_318' title='bbox 242 3824 263 3853; x_wconf 88' lang='lat' dir='ltr'>c.</span> <span class='ocrx_word' id='word_1_319' title='bbox 276 3814 309 3856; x_wconf 74' lang='grc'>12.</span> <span class='ocrx_word' id='word_1_320' title='bbox 320 3811 370 3855; x_wconf 85' lang='lat' dir='ltr'>ead.</span> <span class='ocrx_word' id='word_1_321' title='bbox 381 3814 458 3867; x_wconf 84' lang='lat' dir='ltr'>(eone.</span> <span class='ocrx_word' id='word_1_322' title='bbox 470 3813 535 3857; x_wconf 80' lang='lat' dir='ltr'>lirae.</span> <span class='ocrx_word' id='word_1_323' title='bbox 545 3812 577 3856; x_wconf 88' lang='lat'>11.</span> <span class='ocrx_word' id='word_1_324' title='bbox 597 3837 622 3849; x_wconf 91' lang='lat'>·-</span> <span class='ocrx_word' id='word_1_325' title='bbox 632 3813 688 3858; x_wconf 81' lang='lat' dir='ltr'>mir.</span> <span class='ocrx_word' id='word_1_326' title='bbox 699 3814 763 3860; x_wconf 77' lang='lat' dir='ltr'>Sese.</span> <span class='ocrx_word' id='word_1_327' title='bbox 773 3816 842 3860; x_wconf 79' lang='lat' dir='ltr'>xxi.</span> <span class='ocrx_word' id='word_1_328' title='bbox 854 3818 882 3862; x_wconf 85' lang='lat' dir='ltr'>de</span> <span class='ocrx_word' id='word_1_329' title='bbox 893 3817 936 3861; x_wconf 68' lang='lat' dir='ltr'>res.</span> <span class='ocrx_word' id='word_1_330' title='bbox 947 3832 967 3862; x_wconf 84' lang='lat' dir='ltr'>c.</span> <span class='ocrx_word' id='word_1_331' title='bbox 977 3822 996 3862; x_wconf 79' lang='lat'>8.</span> <span class='ocrx_word' id='word_1_332' title='bbox 1007 3817 1072 3863; x_wconf 79' lang='lat' dir='ltr'>Sena.</span> <span class='ocrx_word' id='word_1_333' title='bbox 1082 3819 1177 3862; x_wconf 83' lang='lat' dir='ltr'>xxtv.</span> <span class='ocrx_word' id='word_1_334' title='bbox 1187 3823 1215 3864; x_wconf 85' lang='lat' dir='ltr'>de</span> <span class='ocrx_word' id='word_1_335' title='bbox 1226 3833 1248 3862; x_wconf 83' lang='lat' dir='ltr'>re</span> <span class='ocrx_word' id='word_1_336' title='bbox 1259 3847 1266 3860; x_wconf 89' lang='lat'><strong>.</strong></span> 
     </span>
     <span class='ocr_line' id='line_1_42' title="bbox 242 3863 1266 3924; baseline 0.008 -20"><span class='ocrx_word' id='word_1_337' title='bbox 242 3864 334 3906; x_wconf 69' lang='lat' dir='ltr'>eth·</span> <span class='ocrx_word' id='word_1_338' title='bbox 359 3868 380 3913; x_wconf 71' lang='lat' dir='ltr'>h)</span> <span class='ocrx_word' id='word_1_339' title='bbox 391 3877 411 3906; x_wconf 89' lang='lat' dir='ltr'>c.</span> <span class='ocrx_word' id='word_1_340' title='bbox 421 3865 441 3904; x_wconf 81' lang='lat'>2.</span> <span class='ocrx_word' id='word_1_341' title='bbox 451 3863 481 3906; x_wconf 88' lang='lat' dir='ltr'>D.</span> <span class='ocrx_word' id='word_1_342' title='bbox 492 3864 560 3906; x_wconf 76' lang='lat' dir='ltr'>Lxx</span> <span class='ocrx_word' id='word_1_343' title='bbox 585 3866 1115 3922; x_wconf 74' lang='lat' dir='ltr'>,tconc.0halc.)e.1.l).C.(cone.lisv.)—</span> <span class='ocrx_word' id='word_1_344' title='bbox 1141 3873 1195 3924; x_wconf 81' lang='lat' dir='ltr'>b)c.</span> <span class='ocrx_word' id='word_1_345' title='bbox 1210 3871 1266 3914; x_wconf 63' lang='lat' dir='ltr'>&amp;ds</span> 
     </span>
     <span class='ocr_line' id='line_1_43' title="bbox 242 3912 1219 3974; baseline 0.009 -18"><span class='ocrx_word' id='word_1_346' title='bbox 242 3921 313 3967; x_wconf 69' lang='lat' dir='ltr'>tentp.</span> <span class='ocrx_word' id='word_1_347' title='bbox 327 3915 376 3957; x_wconf 82' lang='lat' dir='ltr'>ord.</span> <span class='ocrx_word' id='word_1_348' title='bbox 386 3914 411 3957; x_wconf 90' lang='lat' dir='ltr'>in</span> <span class='ocrx_word' id='word_1_349' title='bbox 420 3912 480 3958; x_wconf 78' lang='lat' dir='ltr'>Vltc</span> <span class='ocrx_word' id='word_1_350' title='bbox 490 3914 509 3958; x_wconf 85' lang='lat' dir='ltr'>l.</span> <span class='ocrx_word' id='word_1_351' title='bbox 519 3917 539 3958; x_wconf 77' lang='grc'>9.</span> <span class='ocrx_word' id='word_1_352' title='bbox 550 3915 636 3970; x_wconf 79' lang='lat' dir='ltr'>(Bonii.</span> <span class='ocrx_word' id='word_1_353' title='bbox 646 3916 724 3974; x_wconf 82' lang='lat' dir='ltr'>vttt.)</span> <span class='ocrx_word' id='word_1_354' title='bbox 734 3942 758 3952; x_wconf 93' lang='lat'><em>-</em></span> <span class='ocrx_word' id='word_1_355' title='bbox 769 3918 799 3963; x_wconf 86' lang='lat' dir='ltr'>ci.</span> <span class='ocrx_word' id='word_1_356' title='bbox 810 3918 865 3964; x_wconf 81' lang='lat' dir='ltr'>intr.</span> <span class='ocrx_word' id='word_1_357' title='bbox 876 3917 940 3965; x_wconf 78' lang='lat' dir='ltr'>Scis.</span> <span class='ocrx_word' id='word_1_358' title='bbox 950 3919 1046 3965; x_wconf 80' lang='lat' dir='ltr'>xxm.</span> <span class='ocrx_word' id='word_1_359' title='bbox 1062 3923 1089 3966; x_wconf 82' lang='lat' dir='ltr'>sle</span> <span class='ocrx_word' id='word_1_360' title='bbox 1099 3921 1144 3966; x_wconf 83' lang='lat' dir='ltr'>rei.</span> <span class='ocrx_word' id='word_1_361' title='bbox 1155 3936 1175 3966; x_wconf 83' lang='lat' dir='ltr'>c.</span> <span class='ocrx_word' id='word_1_362' title='bbox 1186 3926 1219 3966; x_wconf 80' lang='lat' dir='ltr'>aa.</span> 
     </span>
    </p>
   </div>
   <div class='ocr_carea' id='block_1_12' title="bbox 0 0 1331 4330">
    <p class='ocr_par' dir='ltr' id='par_1_12' title="bbox 0 0 1331 4330">
     <span class='ocr_line' id='line_1_44' title="bbox 0 0 1331 4330; baseline 0 0"><span class='ocrx_word' id='word_1_363' title='bbox 0 0 1331 4330; x_wconf 95' lang='lat' dir='ltr'> </span> 
     </span>
    </p>
   </div>
  </div>
 </body>
</html>
