2654 4334
164 273 171 286 =
263 235 527 320 ¹sussrouuv.
563 257 887 319 nsussoauau.
1019 265 1097 322 m
1166 313 1173 318 .

77 406 143 466 lictis
160 406 322 484 impositum
340 421 414 476 esse,
433 413 466 462 ut
483 403 538 464 illis
556 421 610 482 pro
627 403 858 483 singulisdiebus
875 425 893 465 a
910 406 1097 468 testatoribus

77 491 256 570 praescriptis
283 499 407 568 nequeat
433 489 581 560 satisfieri,
617 490 664 548 vel
695 489 908 570 eleemosynam
936 491 1095 552 huiusmodi
1168 479 1174 500 ‘

77 595 123 655 pro
139 575 195 634 illis
214 571 397 634 celebrandis
415 573 490 634 adeo
509 584 624 634 tenuem
642 590 717 646 esse,
736 584 841 636 utnon
860 577 948 636 facile
966 577 1097 636 iuvenia-

77 671 117 720 tur
133 663 179 741 qni
194 661 269 720 velit
291 661 413 721 huicne
436 661 546 720 nanneni
569 657 728 734 subiicerep
750 659 826 720 unde
849 659 1009 744 depereunt
1029 665 1096 742 piae

77 748 231 807 testantium
244 747 416 818 voluntates,
436 755 579 806 eteorum
594 745 795 818 conscientias,
810 745 846 805 ad
861 765 931 826 quos
946 746 1097 826 praedicta

77 843 212 911 epactam,
242 830 382 891 onerandi
405 832 522 890 occasio
546 829 639 892 datur.
685 829 792 891 Sancta
810 832 949 911 synodus,
978 835 1098 913 cupiens

77 917 140 977 laec
163 916 199 976 ad
222 918 289 996 pios
312 935 379 976 usus
397 917 513 988 relicta,
542 935 598 996 quo
616 915 727 995 plenius
745 927 777 976 et
792 918 888 977 utilius
902 929 1017 1000 potest,
1044 920 1098 978 im-

77 1003 150 1080 pleri,
168 1003 335 1062 facultatem
354 1001 403 1061 dat
420 1003 574 1081 episcopis,
594 1011 625 1061 nt
641 1003 671 1060 iu
685 1001 796 1082 synodo
812 1001 995 1076 dioecesana,
1014 1006 1098 1064 iten-

77 1103 124 1165 que
149 1087 301 1148 abbatibus
329 1098 360 1148 et
386 1087 569 1168 generalibus
596 1086 741 1158 ordinum,
773 1098 805 1147 ut
831 1089 860 1147 in
884 1090 941 1150 suis
965 1090 1097 1170 capitulis

78 1174 249 1249 generalibus
270 1193 302 1233 re
321 1170 478 1252 diligenter
495 1183 648 1253 perspecta
666 1174 776 1252 possint
793 1193 906 1253 prosus
917 1177 1098 1236 conscientia

78 1258 276 1338 inpraedictis
300 1260 447 1330 ecclesiis,
473 1277 542 1337 quus
566 1260 619 1318 hac
643 1259 808 1338 provisione
831 1257 963 1337 ludigero
987 1280 1098 1340 cogno-

78 1345 170 1417 verint,
189 1354 321 1404 statuere
340 1347 419 1404 eirca
437 1344 510 1404 baec
521 1346 550 1420 ¹)
570 1342 703 1423 quiequid
718 1347 810 1423 magis
828 1340 865 1404 ad
884 1345 938 1405 Dei
958 1347 1097 1406 honorem

79 1439 104 1486 et
119 1429 220 1490 celtum
243 1441 330 1510 atque
355 1431 542 1490 ecelesiarum
565 1431 717 1490 utilitatem
734 1430 859 1492 viderint
880 1430 1034 1511 expedire,
1057 1434 1098 1492 ita

79 1523 172 1586 umen,
196 1526 227 1575 ιιι
245 1534 346 1576 eoruru
365 1535 479 1595 semper
496 1514 695 1576 detunctorum
715 1519 948 1576 commemoratio
967 1519 1030 1589 liat,
1051 1519 1098 1596 qui

79 1615 124 1676 pro
140 1620 251 1662 suarum
267 1603 422 1660 animarum
437 1601 527 1662 salute
543 1601 639 1680 legata
652 1621 687 1660 ca
702 1600 738 1660 ed
753 1603 816 1680 pios
830 1621 896 1660 usus
910 1603 1097 1681 reliquerunt.

101 1755 125 1802 c.
141 1757 170 1804 V.
204 1757 293 1804 Rebus
310 1757 372 1804 tenc
389 1758 541 1873 consumpta
560 1763 590 1870 οἳ
604 1771 737 1805 amarunt
752 1733 819 1806 onus
837 1755 989 1806 habentibus
1006 1757 1075 1806 res'bil

517 1832 577 1872 stra
585 1831 668 1874 tatur.

155 1907 237 1970 Ratio
256 1911 397 1990 postulat,
422 1920 454 1970 ut
471 1910 541 1981 illis,
566 1928 638 1988 quae
656 1908 731 1969 bene
751 1911 908 1970 constituta
925 1920 1004 1982 sunt,
1029 1931 1099 1970 con-

82 1995 165 2054 trariis
177 1994 407 2056 ordinationibus
420 2015 479 2054 nou
494 1994 670 2054 detrabatur.
717 1993 837 2068 Quando
854 1996 943 2074 igitur
960 2015 996 2054 ex
1011 1995 1149 2056 bene-nst

81 2074 196 2140 lciorusn
211 2100 444 2161 quorumcunque
463 2081 612 2142 erectione
631 2099 682 2139 seu
700 2078 868 2140 fundatione
886 2090 936 2162 aut
952 2081 1017 2141 aliis
1029 2101 1099 2141 cou-

82 2163 262 2229 stitutionibus
295 2168 448 2247 qualitates
479 2168 591 2246 aliquae
623 2167 819 2246 requiruntur,
852 2186 902 2226 seu
930 2177 1011 2228 certa
1042 2167 1099 2230 illis

84 2265 161 2310 onera
182 2264 248 2312 sunt
270 2254 413 2325 iniuncta,
436 2254 465 2312 in
483 2251 690 2314 beneficiorum
709 2252 880 2324 collatione,
904 2272 955 2313 seu
977 2255 1007 2313 in
1030 2275 1100 2334 quna-

84 2350 181 2414 eunque
203 2339 261 2400 alia
284 2338 471 2417 dispositione
495 2340 537 2400 eis
561 2358 617 2396 non
636 2337 807 2416 derogetur.
861 2337 940 2398 Idem
963 2341 992 2398 in
1014 2360 1099 2418 prae-

82 2414 171 2481 bendis
188 2425 410 2503 theologalibus,
428 2422 649 2503 magistralibus,
668 2422 864 2484 doctoralibus
882 2433 931 2484 aut
947 2425 1099 2506 presbyte-

83 2503 191 2579 tulibus,
223 2508 423 2570 diaconalibus
450 2531 484 2570 ae
512 2508 776 2582 subdiaconalibus,
805 2508 1031 2591 quandocunque
1058 2513 1100 2570 ita

84 2593 224 2656 constituta
243 2596 362 2668 luerint,
381 2596 564 2668 observetur,
588 2605 735 2656 uteorum
754 2596 937 2676 qualitatibus
956 2598 1001 2656 vel
1020 2597 1099 2656 ordi-

83 2672 154 2736 nibus
170 2680 239 2740 nibil
263 2683 293 2741 iu
311 2682 369 2742 ulla
386 2683 551 2761 provisione
571 2679 752 2754 detrabatur3
774 2692 807 2740 et
829 2681 914 2741 aliter
936 2683 1014 2742 lacta
1031 2702 1101 2764 pro·

84 2758 145 2819 visio
162 2767 327 2847 surreptitia
345 2777 507 2828 censeatur.

146 2917 170 2964 c.
187 2921 228 2970 Vl.
270 2921 323 2980 Qus·
339 2933 366 2970 te
382 2935 474 2983 gerere
492 2921 585 2969 debeat
600 2923 732 2982 aptseopus
751 2919 838 2980 quoad
855 2924 1031 2968 visitationem

396 2989 569 3052 capitulorum
588 2995 773 3049 exemptarum.

159 3067 265 3135 Statuit
286 3083 385 3134 sancta
408 3074 548 3156 synodus,
575 3085 607 3133 ut
632 3075 661 3133 in
686 3073 814 3131 omuibus
841 3073 974 3134 eeclesiis
998 3074 1099 3134 cathe-

86 3144 199 3217 drtilibus
226 3173 255 3220 et
282 3161 444 3238 collegiatis
472 3159 619 3220 decretum
646 3158 697 3217 sub
724 3159 774 3218 fel.
803 3177 862 3219 rec.
892 3158 979 3218 Paulo
997 3158 1099 3234 lll.²)‚

86 3237 151 3310 quod
169 3243 280 3326 incipit:
307 3247 446 3326 Cupt'tulu
469 3245 696 3318 cathedralium,
722 3245 903 3314 observetur,
929 3264 984 3302 non
1008 3246 1098 3304 solum

87 3323 186 3394 quando
205 3334 356 3411 episcopus
372 3332 542 3403 visitaverit,
562 3329 614 3392 sed
633 3340 664 3390 et
682 3332 794 3410 quotics
813 3349 850 3390 ex
869 3327 977 3400 officio,
996 3331 1043 3389 vel
1058 3331 1097 3389 ad
1178 3395 1182 3404 ¹

85 3408 239 3478 petitionem
262 3419 381 3478 alieuius
405 3428 506 3476 contre
529 3419 651 3497 aliquem
674 3437 711 3476 ex
733 3417 875 3477 contentis
898 3419 927 3474 in
951 3414 1028 3475 dicto
1048 3416 1100 3476 de·

87 3502 158 3552 creto
176 3502 328 3576 procedat3
352 3505 391 3562 ita
415 3504 523 3573 tauren',
543 3513 587 3574 ut,
607 3523 690 3582 quum
713 3513 795 3562 extra
817 3503 1011 3561 visitationem
1031 3523 1099 3584 pro·

88 3585 208 3671 cesserit,
231 3589 305 3648 infra
324 3590 431 3669 scripta
450 3589 544 3648 omnia
562 3588 655 3647 locum
674 3588 813 3659 babeant,
831 3587 981 3659 videlicet,
1000 3598 1032 3647 ut
1050 3609 1099 3649 ca-

87 3663 191 3731 tttutnm
219 3673 299 3752 initio
328 3673 481 3734 cuiuslibet
506 3674 572 3734 anni
601 3674 691 3751 eligat
717 3693 754 3734 ex
781 3673 906 3753 capitulo
939 3673 1024 3745 duos,
1062 3673 1099 3732 de

90 3796 285 3832 κῃ...

91 3877 204 3968 ειιω.
217 3887 295 3935 xxv.
328 3891 394 3988 U‘·
410 3891 475 3935 ssu.
489 3891 571 3936 xxrr.
587 3894 636 3935 ae.
652 3892 681 3934 a·
695 3889 739 3934 aas.
754 3913 779 3924 -
809 3893 831 3944 a>
850 3889 882 3935 et·
896 3901 960 3946 tucr-
976 3891 1040 3934 ⁸⁰¹·-
1055 3889 1099 3932 W·

103 3950 109 3964 ·
144 3931 340 3988 terecssesxt
364 3944 522 3989 ,cuderet
