2652 4330
219 228 387 285 susstu
411 229 488 284 XIV·
524 230 958 291 uttrouttrrurt'rtt,
1048 237 1101 298 ὓ

231 373 259 420 c.
270 375 310 420 ut.
344 371 772 440 Depertr'dmtfimctidutduim
781 381 948 428 mmo.
1002 377 1005 384 '

161 474 258 534 Docet
273 485 424 554 praeterea
443 487 542 536 saneta
561 475 695 557 synodus,
714 483 888 539 sacramenti
906 482 1102 560 poenitentiae

82 563 193 620 formam
224 562 327 639 inqua
349 563 504 641 praecipue
526 563 614 642 ipsius
631 563 674 622 vis
692 565 748 622 sita
766 575 824 636 cst,
852 566 882 623 in
904 567 960 626 iliis
983 570 1129 659 ministr-ii

81 603 310 726 &dispositam
333 665 412 706 esse:
446 649 513 725 Ego
533 657 562 708 te
579 649 698 708 absolvo
718 660 788 720 eto,
817 649 917 728 quibus
936 651 1047 731 quidem
1067 653 1103 714 de

83 734 218 793 ecclesiae
237 739 354 791 sanctae
374 751 453 792 more
472 751 575 812 preces
594 731 732 813 quaedam
747 733 929 796 laudabiliter
946 736 1105 816 adiungun-

83 830 135 892 tur3
162 818 199 878 ad
221 819 311 898 ipsius
332 827 427 877 tamen
449 819 559 877 formae
582 821 734 878 essentiam
758 839 935 901 nequaquam
963 834 1104 903 spectant,

83 924 166 984 neque
185 903 222 963 ad
240 903 328 983 ipsius
347 903 517 962 sacramenti
536 902 809 979 administrationem
828 917 895 966 sunt
911 910 1105 970 necessariae.

84 989 149 1050 Sunt
165 999 259 1050 autern
280 991 358 1067 quasi
377 990 498 1047 materia
521 987 602 1048 huius
625 991 797 1049 sacramenti
820 993 909 1071 ipsius
930 996 1105 1072 poenitentis

75 1087 163 1147 actus,
183 1093 286 1154 nempe
306 1061 495 1156 copffl
511 1076 658 1152 Q
675 1085 706 1134 et
723 1077 894 1164 Q·
933 1078 987 1152 Qui
1006 1049 1128 1158 quate-d

82 1181 126 1220 nus
147 1164 175 1220 in
198 1161 366 1240 poenitente
389 1157 426 1218 ad
448 1160 642 1238 integritatem
665 1163 852 1234 sacramenti,
876 1161 912 1222 ud
934 1165 1106 1246 plenamque
1175 1187 1178 1198 ¹

83 1259 108 1305 ct
124 1248 280 1327 perfectam
300 1255 485 1324 peccatorum
503 1246 699 1305 remissionem
724 1265 760 1307 ex
778 1246 832 1307 Dei
855 1249 1034 1310 institutione
1058 1271 1106 1312 re-

83 1335 228 1411 quiruntur,
247 1332 304 1390 hac
322 1333 435 1391 ratione
452 1331 648 1410 poenitentiae
662 1343 759 1412 partes
778 1331 920 1394 dicuntur.
941 1333 1016 1396 Sane
1034 1355 1105 1396 vero

82 1437 129 1496 [⁰5.
139 1433 168 1479 et
185 1418 308 1478 effectus
326 1418 407 1477 huius
426 1419 611 1496 sacramenti,
632 1427 764 1498 quantum
783 1417 820 1477 ad
839 1421 901 1479 eius
918 1422 974 1480 vim
998 1431 1029 1481 et
1046 1421 1106 1481 effi·
1119 1425 1165 1517 itt

83 1507 179 1563 caciam
198 1506 335 1583 pertinet,
355 1501 556 1563 reconciliatio
575 1513 701 1562 osteum
719 1503 792 1576 Deo,
814 1524 895 1583 quarn
914 1505 1056 1566 interdum
1075 1509 1105 1566 in

82 1590 141 1648 viris
161 1592 215 1669 piis
238 1601 356 1649 etcum
383 1586 539 1646 devotione
565 1587 621 1646 hoc
644 1599 853 1650 sacramentum
879 1592 1105 1671 percipientibus

84 1677 269 1735 conscientiae
287 1695 344 1754 pax
361 1693 395 1734 ac
415 1675 555 1733 serenitas
575 1692 637 1732 curn
655 1675 818 1736 vehementi
837 1676 953 1756 spiritus
972 1678 1106 1737 consola-

82 1760 150 1820 tione
172 1763 311 1840 consequi
334 1761 418 1820 solet.
456 1759 535 1818 Haec
563 1756 599 1818 de
626 1760 754 1839 partibus
778 1771 808 1820 ct
830 1761 936 1821 effectu
959 1763 1041 1822 huius
1059 1783 1105 1822 sa-

84 1849 208 1906 cramenti
244 1841 350 1906 sanc‘ta
382 1844 508 1926 synodus
534 1843 665 1915 tradens,
702 1846 783 1905 simul
816 1861 915 1906 eornm
947 1850 1105 1908 sententias

83 1926 196 2004 damnat,
216 1933 265 2012 qni
283 1931 480 2012 poenitentiae
497 1939 595 2010 partes
613 1932 743 1990 incussos
762 1932 958 1991 conscientiae
976 1941 1122 1994 terrorest
1142 1941 1158 1998 ἐ

84 2025 108 2073 et
123 2015 201 2077 fidem
220 2036 286 2078 esse
306 2016 492 2077 contendunt.
1117 2006 1122 2025 ¹

422 2153 450 2203 G.
460 2156 502 2203 tv.
536 2154 578 2203 De
587 2158 752 2204 contritione.
1091 2193 1095 2202 .
1116 2197 1152 2240 m

157 2243 354 2315 Conuiti02),
374 2261 447 2321 quae
465 2241 584 2320 primurn
603 2241 696 2300 locum
720 2243 796 2301 inter
818 2239 913 2300 dictos
929 2244 1105 2322 poenitentis

83 2338 152 2388 actus
163 2318 390 2400 tdeffinimi
412 2325 498 2386 dolor
519 2345 555 2386 ac
578 2325 733 2386 detestatio
756 2336 802 2388 est
823 2325 860 2386 de
883 2338 1007 2405 peccato
1025 2333 1131 2426 com-p

83 2414 165 2487 nisso,
192 2435 256 2475 cun
284 2414 433 2493 proposito
461 2431 518 2472 nou
545 2411 687 2490 peccandi
711 2411 747 2472 da
772 2422 882 2474 cetero.
922 2412 988 2474 Fuit
1009 2426 1104 2476 autern

84 2501 169 2575 quovis
191 2511 322 2580 tempore
342 2497 378 2558 ad
400 2496 607 2577 impetrandam
631 2499 742 2557 veniam
760 2508 946 2578 peccatorum
964 2499 1012 2559 hic
1034 2520 1105 2560 con-

85 2585 193 2646 tritionis
211 2597 305 2645 motus
323 2584 513 2655 necessarius,
533 2594 563 2643 et
581 2586 610 2642 in
624 2583 737 2643 homine
752 2595 819 2662 post
836 2584 1005 2664 baptismum
1024 2585 1105 2665 lapso

83 2667 116 2725 ita
132 2669 237 2731 demum
256 2679 412 2750 praeparat
430 2668 466 2727 ad
484 2670 681 2728 remissionem
695 2679 891 2749 peccatorum,
910 2671 935 2729 si
954 2689 1017 2730 curu
1032 2670 1105 2730 fidu-

85 2756 120 2812 cia
137 2755 246 2818 divinae
266 2752 484 2816 misericordiae
504 2766 534 2814 et
545 2765 614 2814 voto
627 2754 794 2833 praestandi
808 2756 920 2835 reliqua
934 2758 1104 2816 coniunctus

84 2840 124 2910 sit,
146 2861 214 2920 quae
234 2842 271 2902 ad
290 2845 345 2903 rite
369 2839 578 2920 suscipiendum
602 2841 658 2898 hoc
682 2852 890 2900 sacramentum
909 2844 1102 2920 requiruntur.

84 2920 207 2987 declarat
224 2930 315 3008 igitur
332 2939 432 2988 sancta
450 2925 586 3007 synodus,
606 2926 680 2985 hanc
699 2927 902 2986 contritionem
928 2947 985 2987 non
1011 2929 1102 2986 soiurn

85 3015 259 3074 cessationem
278 3035 295 3074 a
314 3013 474 3093 peccato⁸)
493 3023 523 3072 et
540 3014 722 3074 vitacnovae
739 3014 916 3090 propositum
935 3021 966 3071 et
983 3013 1105 3071 inchoa·

85 3095 194 3172 tionem,
222 3099 274 3160 sed
301 3101 407 3159 veteris
434 3099 521 3158 etiam
549 3095 643 3156 odium
672 3097 839 3169 continere,
871 3098 951 3156 iuxta
977 3097 1102 3174 illud⁴it

85 3179 211 3247 Proiicr'tc
229 3205 248 3245 c
265 3185 349 3246 oobc's
367 3203 465 3245 omncs
487 3185 660 3262 iniquitates
682 3191 808 3254 oestrus,
833 3185 864 3242 in
877 3183 996 3262 gquidur
1009 3204 1114 3263 prccr

85 3269 201 3329 tunicati
216 3273 299 3344 estus,
321 3281 353 3331 et
364 3267 461 3348 facite
479 3269 562 3329 vodis
585 3287 638 3327 cor
655 3287 758 3328 nonum
782 3277 815 3327 ct
832 3271 968 3346 spiritum
986 3287 1101 3328 nouum.
1133 3281 1140 3320 ‘-

85 3345 116 3406 tc
131 3366 216 3428 certe,
236 3359 281 3436 qni
300 3357 366 3416 ilios
384 3367 547 3416 sanctornm
566 3355 707 3414 clamores
727 3351 967 3413 consideraveritt
997 3355 1100 3430 rito)

84 3436 287 3517 solt'pccccci,
312 3444 469 3502 cumulum
492 3459 591 3501 coram
616 3438 732 3518 teseci.
777 3439 969 3513 laboravit)
994 3441 1025 3500 in
1046 3460 1102 3518 ge-
1199 3465 1204 3472 ·

86 3521 147 3581 niu
162 3545 236 3599 meo,
259 3529 365 3588 levabo
384 3545 443 3606 per
464 3529 599 3606 stitgulua
620 3536 722 3587 noctes
744 3527 848 3602 lectum
870 3543 971 3585 oneum.
1007 3528 1102 3588 Reco-

86 3607 212 3689 gastost)
231 3614 390 3676 tc'biomncs
404 3631 498 3673 annos
506 3632 585 3672 meos
595 3615 626 3672 tn
634 3612 834 3672 amaritudine
843 3613 958 3672 cumae
968 3631 1060 3682 mccc,
1069 3621 1102 3670 et

88 3729 281 3756 *—

88 3785 200 3889 wigen
215 3795 280 3842 xlv.
308 3797 372 3856 tici,
390 3796 446 3843 infr.
465 3798 494 3842 de
531 3811 582 3842 nen.
602 3810 622 3841 c.
636 3801 657 3840 ⁴.
672 3809 736 3855 supr.
752 3795 816 3841 Sere.
831 3796 875 3840 VI.
890 3796 1100 3886 ‹leiusticktt-p-

88 3837 425 3957 daniidfijiidiiii:
432 3852 491 3947 ⁶⁶1⁸}
500 3848 715 3956 ¹oi'dd‘fvi‘i
722 3848 754 3940 1¹?
765 3851 969 3952 Ρτῗῗιὶῗῗὲὅὶῐι
999 3857 1074 3938 .1s².⁰⁰
1092 3874 1098 3888 '
