2648 4336
1105 111 1113 124 ·

238 398 314 458 lusio
332 379 518 458 induceretur
536 401 566 452 et
583 389 798 470 perturbatia‚‘⁴
815 421 858 434 -
876 399 1014 468 materno
1035 399 1101 468 post
1121 389 1263 449 institutae

241 480 392 542 dioeceses
406 489 436 539 et
449 477 601 558 parochias
615 475 749 536 enunciat
762 472 956 533 tantummodo
971 476 1145 535 conveniens
1155 493 1221 536 esse
1230 473 1263 534 ud

240 562 469 649 praecavendam
488 562 698 633 catusionem,
716 570 747 620 ut
764 558 930 620 absolvendi
947 570 1076 640 potestas
1094 571 1264 622 exerceatur

240 671 328 732 super
344 649 486 722 subditas,
505 649 546 708 sic
565 647 723 720 intellecta,
742 657 874 726 unquam
893 644 929 704 ad
945 645 1070 707 validum
1087 665 1168 708 usum
1187 647 1263 706 buius
1297 628 1298 674 ¹

240 737 392 818 potestatis
410 756 468 795 noa
485 736 524 794 sit
540 735 705 794 necessaria
724 731 869 792 ordinaria
886 731 933 791 vel
951 731 1140 810 subdelegato
1157 733 1209 792 illa
1225 734 1264 791 iu·

240 820 386 894 risdictio,
409 821 471 880 sine
490 838 545 899 qua
561 817 756 880 Tridentinum
775 816 907 878 declarat
924 819 1026 877 nullius
1043 819 1183 878 momenti
1205 835 1263 877 eree

241 907 449 967 absolutionem
468 925 485 965 a
503 903 655 964 sacerdote
675 905 828 983 prolatam:
852 904 954 976 Falsa,
975 905 1149 976 temerara'a,
1166 905 1264 982 perni-

241 995 336 1064 ciosa,
360 991 532 1054 Tridentino
551 991 704 1050 cornaria
723 990 928 1062 clanseniaco,
948 1007 1084 1049 emonem

240 258 320 316 ⁸10
496 289 500 296 ·
550 249 678 304 DAMN.
696 247 784 305 SYN.
802 247 964 303 PlSTOR.

672 1159 736 1208 ara
756 1157 782 1226 s.
800 1162 841 1208 11.

326 1313 489 1374 XXXVlll.
513 1312 583 1373 Item
603 1312 744 1383 doctrina,
758 1329 822 1390 qua,
835 1322 984 1391 postquam
998 1309 1125 1392 synodus
1138 1314 1264 1391 professa

242 1410 301 1470 est,
325 1419 377 1471 „se
396 1419 452 1458 non
471 1417 555 1479 posse
574 1418 631 1457 aaa
649 1397 784 1457 admirari
802 1397 879 1457 illam
897 1396 971 1457 adeo
993 1398 1191 1458 venerabilem
1213 1396 1264 1457 dis·

137 1550 139 1556 ,
243 1486 375 1565 cipliuam
395 1485 584 1564 antiquitatis,
605 1489 714 1562 quae‚“
733 1484 834 1555 nteit,
854 1480 911 1554 „ad
929 1484 1135 1563 poeniteutiam
1155 1503 1213 1542 uon
1230 1484 1265 1542 ita

68 1573 86 1656 J
185 1580 187 1584 '
242 1571 328 1630 facile
347 1580 377 1630 et
394 1571 477 1630 forte·
488 1573 627 1648 nunquam
646 1587 710 1642 enm
728 1566 905 1639 admittebat,
925 1567 971 1647 qni
989 1578 1054 1648 post
1068 1569 1186 1648 primum
1200 1587 1265 1650 pec-

243 1665 336 1717 catum
355 1665 386 1714 et
403 1657 520 1735 primam
540 1654 807 1714 reconciliationem
824 1654 953 1732 relapsus
971 1664 1049 1713 esset
1070 1655 1100 1713 in
1123 1655 1264 1734 culpam,“

242 1742 401 1818 subiungit,
425 1760 499 1819 „per
521 1741 651 1800 timorem
670 1749 825 1818 perpetuae
844 1739 1018 1798 exclusionis
1035 1759 1053 1804 a
1072 1741 1263 1800 communione

243 1837 273 1886 et
295 1843 382 1905 paee,
407 1827 492 1885 etiam
516 1827 545 1883 in
567 1825 690 1884 articula
709 1826 808 1883 mortis
826 1843 956 1904 magnum
974 1825 1104 1884 fraenum
1121 1826 1180 1885 illis
1196 1825 1263 1884 inie·
1301 1850 1302 1862 ¹

243 1913 378 1982 alumini,
398 1913 445 1990 qui
463 1930 560 1991 parurn
579 1908 764 1970 considerant
781 1909 882 1968 malum
900 1911 1024 1990 peccati,
1044 1919 1075 1970 et
1091 1911 1183 1970 minus
1200 1908 1262 1970 illud

241 1999 380 2057 tinent“:
413 1998 573 2056 Contraria
599 2015 667 2055 ean.
698 1999 746 2058 13.
775 1997 898 2055 concilii
915 1996 1048 2056 Nicaeni
1066 1997 1101 2068 t,
1126 1996 1264 2058 decretali

241 2083 412 2142 iunocentii
426 2083 450 2141 1.
471 2083 512 2141 ad
531 2083 712 2158 Eeaperiam
735 2081 848 2153 Telos,
869 2090 926 2140 tum
950 2089 982 2140 et
1002 2082 1151 2142 decretali
1168 2083 1262 2142 Cocle-

241 2169 317 2226 stini
327 2168 350 2226 l.
367 2168 408 2226 ad
424 2169 576 2244 episcopas
592 2167 736 2226 Viennen.
753 2175 784 2224 et
795 2166 971 2226 Narbonen.
981 2169 1169 2246 provinciae,
1184 2169 1261 2228 redo·

243 2253 308 2311 lens
320 2253 518 2331 praestatem,
543 2271 629 2331 qaam
648 2255 678 2311 in
697 2270 734 2311 ea
751 2252 900 2312 decretali
917 2261 1037 2312 sanetur
1053 2250 1198 2328 Ponm's‘ee
1218 2272 1261 2311 ec·

242 2338 354 2398 horret.
1006 2336 1009 2341 ⁸

135 2585 141 2592 ι
189 2511 230 2552 ⁴⁴³
371 2505 419 2564 De
442 2515 666 2584 peccatorum
687 2506 876 2566 venialium
899 2508 1137 2568 confessione.

627 2623 667 2672 De
680 2627 777 2687 pacarit.
797 2623 823 2692 §.
841 2630 883 2678 12.

328 2725 463 2788 XXXIX.
486 2727 652 2788 Declaratio
671 2727 774 2808 synodi
788 2727 824 2788 de
838 2741 1022 2809 peccatorum
1035 2731 1189 2792 venialium
1203 2751 1260 2792 eon·

241 2814 379 2886 lessione
399 2833 481 2894 quam
500 2824 601 2893 optare
619 2833 650 2874 se
669 2815 710 2874 ait
726 2834 783 2874 non
802 2825 953 2895 tantopere
971 2817 1159 2894 frequentari,
1178 2837 1214 2878 ue
1226 2817 1261 2876 ni·

243 2901 327 2961 mium
347 2900 578 2980 contemptibiles
596 2897 754 2960 reddantur
771 2899 911 2960 eiusmodi
930 2902 1142 2962 confessiones:
1172 2905 1261 2964 Tene·

242 2988 345 3058 roric,
368 2987 555 3065 perniciosa,
577 2996 751 3046 ‘sanctorum
778 3005 814 3046 ac
836 2988 954 3064 piarunt
973 2989 1070 3066 praei
1090 2989 1163 3050 a.S.
1189 3004 1259 3048 cone

247 3072 327 3132 ibid.
342 3070 492 3150 probatae
509 3074 674 3138 cormarr'a.

602 3240 650 3300 De
671 3213 911 3320 indulgentiis.

579 3404 581 3410 ,
632 3357 674 3408 De
687 3365 785 3423 poenit.
803 3359 828 3428 §.
848 3365 889 3412 16.

328 3461 391 3522 XL.
415 3460 579 3542 Propositio
597 3481 744 3524 asserensa
769 3462 998 3544 „indulgentiam
1018 3464 1173 3524 secundum
1192 3483 1260 3524 suan

243 3546 403 3626 praecisam
421 3549 568 3609 noannen
589 3547 668 3608 eliud
691 3570 748 3609 non
770 3568 834 3610 esse
858 3567 940 3632 quam
962 3552 1160 3611 remissionem
1182 3550 1261 3630 partis

245 3630 307 3690 eius
329 3633 539 3710 paenitentiae,
568 3653 640 3714 quae
659 3653 716 3715 -per
738 3651 866 3696 canones·
886 3645 992 3696 statuta
1014 3637 1261 3716 arteponerent

244 3745 288 3760 -
306 3716 386 3793 quasi
403 3715 581 3797 indulgentia
597 3731 715 3799 praeter
732 3721 835 3782 nudam
848 3723 1043 3783 remissionem
1056 3739 1169 3802 poenae
1183 3739 1263 3781 cano

246 3797 330 3858 nicae
347 3817 405 3857 nan
422 3802 508 3861 etiam
525 3806 622 3864 volout
638 3805 675 3865 ad
692 3808 887 3868 remissionem
905 3827 1016 3889 poenae
1035 3809 1199 3887 temporalis
1215 3823 1260 3885 pra

247 3884 375 3946 somatis
393 3887 551 3947 ramalibus
569 3888 683 3952 debitae
701 3892 775 3972 apud
794 3892 916 3955 diuinam
934 3895 1082 3956 iustitiam:
1104 3895 1205 3966 Falsa,
1225 3899 1261 3950 te·
