2654 4330
235 235 296 294 Μ
426 235 591 292 susem
615 233 690 290 xlv.
727 235 1076 292 usunuottutur.

236 375 360 439 diciorio
384 376 549 456 prolatura,
578 395 632 437 nec
654 377 711 439 alio
733 377 845 437 ratione
864 377 1022 457 pulicum
1049 376 1101 438 sed
1120 379 1247 440 occulton

237 462 339 533 luerit,
375 463 453 522 nullo
477 473 612 541 ¹ternpore
638 461 674 522 ad
701 481 801 522 saeros
828 462 945 523 ordines
971 466 1134 545 promoueri
1158 467 1247 544 possin

238 567 293 608 nee
320 547 361 608 illi
388 549 483 628 aliqua
509 547 710 608 ecclesiastica
736 548 892 621 beneficia,
920 547 1057 610 etiam'si
1085 569 1178 610 cumn
1202 570 1247 610 uon

238 634 363 694 habeant
380 636 550 706 animarum,
571 635 697 695 conferri
712 634 814 706 licoat,
834 633 885 694 seul
900 636 977 694 omni
992 635 1109 708 ordine,
1127 655 1161 696 ac
1174 636 1247 696 hene·

238 720 304 780 ficio
324 730 355 780 et
373 720 468 781 officio
487 719 688 780 ecclesiastico
707 730 849 802 perpetuo
862 730 980 780 ‘careat
1026 719 1058 780 Si
1080 741 1150 782 uero
1173 722 1247 781 honi·

238 805 342 866 cidiuun
361 823 418 864 non
437 825 475 866 ex
491 807 657 884 proposito,
676 804 727 865 sed
747 825 830 878 casu,
847 806 895 866 vel
911 807 968 866 uim
983 807 1013 866 vi
1031 806 1209 887 repellendo,
1224 817 1249 865 ut

235 892 299 972 quis
318 909 349 950 so
367 909 385 949 a
404 900 495 950 morte
514 889 699 963 defenderet,
718 891 806 951 fuisse
822 893 1001 952 commissum
1015 903 1163 964 narretur,
1180 911 1247 972 quan

185 996 224 1039 aru
237 976 274 1036 olo
285 992 407 1036 «causan
426 977 512 1035 etiam
530 973 567 1035 ad
585 995 732 1037 sacrorum
751 974 881 1036 ordinum
900 987 931 1036 ot
948 977 1047 1054 altaris
1069 979 1247 1047 ministeriun,

236 1072 268 1123 et
284 1062 427 1122 beneficia
445 1080 632 1141 quaecunque
655 1083 690 1122 ac
712 1061 869 1140 dignitates
890 1065 953 1123 inre
977 1061 1183 1144 quodammodo
1203 1061 1249 1122 dis·

235 1149 367 1230 pensatio
391 1144 545 1219 debeatur,
574 1149 768 1208 committatur
790 1147 848 1207 loci
867 1148 1029 1222 ordinario,
1057 1161 1108 1209 aut
1124 1169 1161 1209 ex
1177 1165 1249 1208 causa

236 1233 458 1314 metropolitano
486 1252 537 1293 seu
568 1234 701 1294 viciniori
734 1234 888 1314 episcopo,
924 1235 971 1315 qui
1003 1254 1060 1293 non
1093 1237 1148 1296 nisi
1178 1252 1248 1294 causa

236 1321 355 1398 cognita
373 1329 405 1378 et
420 1317 549 1398 prolatis
566 1317 702 1399 precibus
720 1339 755 1381 ac
779 1321 916 1394 narratis,
945 1339 1000 1383 nec
1023 1321 1124 1393 aliter,
1151 1317 1248 1399 dispen-

235 1424 301 1466 sure
319 1405 419 1486 possit.

321 1543 349 1590 c.
364 1543 430 1589 vult.
465 1541 540 1591 Notus
552 1541 652 1590 alienor
666 1543 775 1591 clericor
789 1556 826 1591 aa·
835 1544 972 1606 privilegio
984 1548 1081 1606 punire
1094 1546 1179 1594 ment.

321 1625 492 1700 Praeterea,
527 1629 591 1708 qnia
618 1628 745 1687 nonnulli
760 1629 803 1702 ¹),
832 1649 949 1708 quornm
977 1631 1064 1689 etiarn
1092 1631 1177 1709 aliqui
1199 1627 1248 1686 uerl

234 1724 301 1772 sunt
321 1725 454 1793 pastores
478 1734 512 1774 ac
535 1715 667 1794 proprias
690 1733 759 1773 oues
782 1713 902 1787 hahent,
931 1715 1033 1775 alienis
1055 1717 1143 1775 etiam
1166 1713 1247 1773 ovibu

233 1817 370 1878 praeesse
386 1810 538 1879 quaerunt,
559 1809 589 1860 et
602 1802 643 1858 ita
656 1800 757 1859 alienis
775 1798 896 1859 subditis
914 1798 1086 1881 quandoque
1106 1797 1246 1866 intendunt,

233 1895 266 1943 ut
282 1905 397 1946 suorum
417 1905 514 1945 euram
529 1887 692 1965 negligant:
712 1886 887 1965 quicunque,
907 1887 993 1945 etiarn
1008 1887 1167 1969 episcopali
1179 1901 1247 1965 pruo-

137 2039 146 2048 .
233 1969 309 2031 ditos
342 1969 496 2050 dignitato,
534 1974 585 2052 qui
613 1971 724 2031 alienos
756 1969 886 2031 subditos
916 1971 1053 2050 puniouuli
1085 1972 1247 2052 priuilegium

233 2056 379 2129 hahuerit,
409 2069 511 2118 contra
535 2058 659 2118 clericos
686 2056 740 2116 sibi
768 2077 824 2115 non
851 2056 1011 2129 subiectos,
1038 2059 1205 2138 praesertin
1226 2054 1247 2112 ln

232 2144 325 2201 sacris
353 2145 538 2216 constitutos,
576 2161 808 2222 quorumcunque
836 2144 921 2202 etiam
948 2145 1090 2204 nuncium
1118 2144 1247 2206 criminun

232 2246 315 2299 reos,
343 2228 398 2287 nisi
419 2231 482 2287 cunr
500 2227 611 2308 proprii
629 2227 755 2307 ipsorum
775 2229 946 2288 clericorum
970 2230 1115 2312 episcopi,
1143 2221 1247 2307 slapuul

153 2333 158 2338 ·
233 2313 387 2373 ecclesiam
405 2332 484 2372 suam
502 2311 659 2383 resederit,
688 2322 737 2371 aut
754 2333 895 2392 personae
914 2315 950 2373 alr
969 2317 1032 2394 ipso
1052 2319 1189 2398 episcopo
1205 2311 1246 2370 ulo·

231 2397 375 2478 putandae
394 2401 557 2458 interventu
576 2417 752 2478 nequaqnam
771 2397 932 2478 procedere
952 2399 1072 2474 deluent3
1102 2403 1172 2462 alias
1192 2415 1248 2478 pru·

231 2501 333 2554 cossus
352 2481 466 2542 atinde
486 2494 586 2543 secuta
605 2503 791 2563 quaecuuque
809 2485 917 2544 uiribus
936 2488 1051 2545 omnino
1073 2495 1198 2548 careant.

232 2622 259 2670 G.
281 2620 325 2671 lX.
361 2619 497 2682 Beneficia
515 2624 591 2672 coice
609 2623 731 2738 dceecrul's
749 2623 823 2671 nulla
841 2623 871 2672 dc
889 2634 971 2674 ecura
988 2625 1117 2674 uniantur
1135 2619 1246 2684 dearfitu't't

690 2708 707 2740 o
721 2693 809 2740 terius.

315 2773 367 2848 Et,
388 2777 454 2854 quia
471 2777 534 2836 iure
549 2777 656 2856 optimo
671 2775 823 2838 distinctae
837 2779 953 2838 fuerunt
967 2775 1119 2840 dioeceses
1133 2788 1162 2839 et
1174 2792 1245 2858 pauo·

179 2872 217 2918 tot
232 2860 314 2920 chiae
327 2861 372 2939 ²),
402 2881 436 2923 ac
459 2863 611 2944 unicuique
633 2864 718 2942 gregi
739 2855 851 2944 proprii
873 2865 1001 2924 attributi
1019 2875 1152 2944 pastores
1170 2873 1198 2922 et
1211 2860 1246 2917 iu·

230 2948 367 3011 l'eriorunt
399 2947 587 3025 ecclesiarum
619 2960 782 3022 rectores,‚
802 2951 849 3030 qui
880 2970 993 3010 suaruun
1022 2953 1140 3030 quisquc
1167 2947 1245 3008 cuiun

230 3053 327 3096 wan
350 3033 491 3111 habeant,
516 3045 547 3096 ut
569 3033 642 3094 ordo
665 3035 882 3098 ecclesiasticus
900 3057 957 3098 non
977 3036 1180 3106 confundatur,
1206 3037 1246 3089 aut

228 3137 285 3177 una
308 3128 338 3178 ct
360 3118 461 3178 eadem
485 3122 611 3182 ecclesia
633 3120 752 3181 duarum
779 3120 987 3203 quodammodo
1016 3121 1179 3182 dioecesum
1205 3115 1245 3174 flul

228 3223 286 3262 non
313 3206 374 3265 sine
401 3206 483 3284 gravi
510 3225 608 3266 corum
636 3205 833 3280 incommodo,
863 3210 910 3289 qui
936 3209 976 3268 illi
1004 3207 1109 3268 subditi
1137 3203 1243 3265 luerint:

227 3289 370 3351 beneficia
388 3292 470 3350 nnius
489 3289 646 3363 dioecesis,
675 3295 760 3353 otiam
779 3295 803 3353 si
821 3293 1004 3372 parochiales
1029 3294 1185 3361 ecclesiae,
1210 3286 1245 3345 vl·

229 3378 325 3436 cariae
348 3387 521 3460 perpetuae,
549 3388 598 3438 aut
624 3379 766 3458 simplicia
791 3380 947 3451 beneficia,
976 3399 1027 3440 scu
1054 3373 1244 3460 praeconaria

228 3472 278 3518 ant
295 3464 544 3539 praestimonialas
566 3465 716 3544 portiones
738 3466 859 3538 luerint,
888 3467 973 3526 etiarn
997 3468 1109 3526 ratione
1132 3454 1243 3540 augendi

229 3545 333 3604 cultunr
361 3545 484 3608 divinum
511 3559 561 3610 aut
586 3569 731 3610 numerum
758 3551 1008 3628 beneficiatorum,
1036 3563 1088 3612 aut
1106 3551 1162 3610 alia
1184 3561 1242 3624 qm·
1297 3573 1298 3592 ,

228 3650 339 3712 cunque
358 3630 394 3692 de
414 3654 514 3707 causa,
534 3636 652 3694 alterius
671 3635 814 3698 dioecesis
827 3636 986 3709 beneficio,
1006 3648 1055 3697 ant
1069 3630 1240 3697 monasterius

228 3759 441 3774 w—

226 3877 241 3908 e
257 3814 360 3911 §siffis
370 3815 438 3910 μ’
466 3817 487 3874 ¹)
497 3817 529 3862 ‘f‘
539 3831 604 3876 ”Plu
614 3821 664 3864 ⁰²¹¹·
676 3821 704 3864 dt
714 3819 758 3865 rel.
769 3835 789 3865 c.
799 3825 820 3864 2.
831 3826 856 3866 et
864 3821 928 3866 Seu.
938 3822 982 3868 Vl.
993 3823 1021 3868 du
1030 3821 1075 3867 uel.
1086 3837 1105 3864 c.
1114 3823 1134 3863 t.
1145 3841 1169 3852 -
1181 3817 1203 3909 x²)
1213 3806 1239 3852 ef·

227 3895 303 3962 r'eise.
315 3897 346 3963 it.
357 3871 568 3968 erult'u:lq.¹e¹lee.‘l².mo
578 3880 594 3913 ι
606 3873 681 3928 Pnd'
692 3871 738 3916 ω’
749 3875 780 3916 ¹⁰⁸
791 3873 883 3927 (hm
893 3872 951 3929 ω’)
965 3897 990 3910 ““
1005 3875 1036 3920 ‘f‘
1047 3874 1110 3919 ⁸⁶⁵⁸·
1120 3867 1180 3914 m
1202 3861 1240 3907 ἰ’
