2652 4330
199 273 255 330 aa
350 266 515 325 snssro
541 265 616 320 xru.
650 263 710 318 nn
737 221 1073 318 nncuaarsrra.

200 423 229 473 et
255 413 340 472 lracti
367 367 530 483 tabescant,
557 407 602 468 vel
629 405 739 487 pudore
766 404 863 467 affecti
890 415 920 465 ct
942 405 1053 464 conlusi
1075 401 1226 483 aliquando

199 499 378 577 resipiscant

200 636 278 682 (111.
313 633 355 680 Ile
364 631 523 680 asservando
537 643 632 678 caerae
641 628 823 763 &dammae
836 634 1014 687 sacramento,
1029 628 1101 676 etad
1112 626 1226 688 infirmor

583 741 587 753 ,
686 711 728 744 ere
779 732 786 747 .

161 815 169 866 p
286 783 471 846 Consuetudo
489 781 654 841 asservandi
678 783 707 840 in
725 801 856 872 Q
877 791 1005 840 sanctam
1029 781 1229 840 cucharistiam

200 873 274 932 adeo
293 872 409 948 antiqua
427 869 524 941 est1)‚
551 876 583 924 ut
604 885 667 924 eam
690 867 835 925 saeculum
858 867 944 924 etiam
967 864 1092 924 Nicaeni
1115 866 1230 925 concilii

200 957 400 1036 agnoveritll.
437 952 529 1011 Porro
549 950 657 1009 deferri
676 952 765 1028 ipsam
783 969 894 1010 sacram
912 949 1113 1010 eucharistiam
1132 949 1233 1010 adin·

201 1045 312 1112 firmos,
340 1049 371 1098 et
396 1041 425 1096 in
452 1037 526 1095 laune
554 1054 632 1094 usum
659 1032 815 1113 diligenter
841 1037 869 1093 in
892 1035 1027 1094 ecclesiis
1053 1038 1230 1108 conservari,

200 1137 399 1207 praeterquam
420 1120 496 1200 quod
514 1139 577 1180 cum
596 1139 703 1179 summa
717 1122 862 1198 aequitate
877 1130 908 1180 et
921 1122 1033 1179 ratione
1049 1123 1231 1181 coniunctum

201 1224 255 1284 est,
275 1223 333 1270 tum
351 1209 446 1268 multis
470 1209 498 1266 in
518 1207 649 1266 conciliis
672 1217 857 1285 praeceptum
880 1207 1075 1280 invenitur³)‚
1103 1217 1134 1265 et
1151 1218 1232 1266 vetn-

201 1299 324 1358 stissimo
357 1293 517 1353 catholicae
546 1291 690 1350 ecclesiae
722 1310 801 1350 more
828 1301 874 1350 est
900 1291 1090 1351 observatum.
1138 1291 1232 1364 Quare

163 1392 300 1443 sosancta
326 1381 399 1439 haec
427 1376 553 1456 synodus
580 1374 759 1435 retinendum
786 1379 900 1434 omnino
927 1377 1080 1436 salutarem
1103 1377 1178 1435 hunc
1203 1388 1234 1438 et

201 1466 394 1527 necessarium
412 1481 520 1522 morem
539 1463 646 1520 statuit.

228 1605 319 1654 111111.
354 1601 396 1648 De
401 1602 617 1662 praeparatione,
628 1613 695 1661 praa
705 1598 907 1661 auertendam,
918 1606 949 1648 ut
958 1599 1032 1662 argue
1043 1603 1100 1662 qar'a
1110 1613 1217 1648 sacrans

260 1669 264 1676 '
552 1666 739 1716 eucharistiam
743 1670 882 1730 pereipiat.
959 1687 963 1704 u
1316 1715 1317 1727 p

288 1753 320 1813 Si
339 1773 396 1812 non
415 1752 501 1815 decet
518 1752 555 1812 ad
579 1755 678 1813 sacras
694 1753 766 1812 ullas
785 1753 947 1812 functiones
971 1755 1129 1832 quempiam
1146 1771 1234 1814 aoce-
1317 1801 1318 1814 ,

202 1841 283 1914 dere,
302 1841 356 1900 nisi
374 1850 483 1912 sancte,
504 1850 658 1918 certeque
682 1839 772 1916 magis
796 1839 933 1898 sanctitas
956 1849 987 1898 et
1008 1839 1142 1898 divinitas
1165 1859 1235 1900 coe·

202 1928 283 1988 lestis
300 1925 382 1986 huius
400 1926 573 1986 sacramenti
590 1927 653 1984 viro
673 1923 837 1983 Christiano
862 1934 1008 2003 comperta
1028 1935 1085 1995 est,
1115 1943 1150 1984 eo
1171 1924 1235 1984 dili-

202 2014 315 2092 gentius
334 2031 438 2071 cavero
457 2013 506 2072 ille
524 2010 620 2080 debet,
641 2029 676 2069 ne
695 2009 802 2088 absque
820 2029 922 2087 magna
940 2011 1104 2070 reverentia
1122 2020 1153 2068 et
1170 2030 1236 2070 san-

203 2101 304 2162 ctitate
322 2095 358 2156 ad
378 2095 407 2156 id
424 2094 641 2176 percipiendum
655 2093 786 2165 accedat,
805 2096 974 2174 praesertim
990 2115 1072 2174 quum
1087 2094 1135 2155 illa
1150 2096 1236 2174 plena

202 2181 363 2243 formidinis
380 2182 470 2241 verba
492 2181 568 2260 apud
590 2179 761 2260 Apostolum
784 2180 964 2257 legamus⁴):
1004 2183 1062 2257 (lui
1077 2183 1238 2243 manducet

203 2279 237 2328 et
252 2269 329 2329 bibit
345 2268 477 2345 indigne,
498 2267 636 2346 iudicium
654 2265 715 2324 sibi
729 2267 890 2326 manducat
910 2277 942 2325 et
963 2265 1051 2338 bitte,
1075 2287 1135 2326 non
1160 2269 1237 2326 diiu-

203 2357 307 2414 dr'caas
325 2372 434 2431 corpas
450 2354 579 2420 Domini.
617 2350 711 2423 Quare
731 2353 940 2410 communicare
964 2353 1072 2412 volenti
1095 2372 1238 2413 revocan-

204 2439 268 2498 dum
287 2449 332 2497 est
354 2439 382 2495 in
406 2437 571 2497 memoriam
594 2437 655 2496 eius
677 2438 915 2515 praeceptum⁵):
952 2437 1065 2498 Probet
1086 2447 1183 2516 ratem
1206 2458 1239 2497 se

204 2528 296 2603 aprum
320 2524 414 2582 homo.
450 2521 659 2582 Ecclesiastico
681 2532 776 2582 autem
800 2521 976 2582 consuetudo
1000 2522 1144 2595 declarat,
1174 2543 1239 2584 eam
1319 2517 1321 2598 ζ

204 2609 404 2688 probationem
422 2609 614 2667 necessariam
634 2626 707 2678 esse,
727 2617 758 2666 ut
776 2607 867 2667 nullus
880 2607 940 2689 *sibi
965 2611 1241 2694 consciuQi

181 2682 346 2814 imortalisj
376 2695 552 2771 quantumvis
570 2693 625 2752 sibi
645 2683 1127 2774 contrimffiffleaturffffisquc
1152 2715 1240 2774 prac—
1319 2677 1321 2782 Ξ

205 2773 289 2838 missa
308 2778 508 2838 sacramentali
528 2775 770 2864 P⁰¹¹f⁶⁵li⁰.¹„¹.i.³d
789 2797 900 2838 sacram
924 2780 1126 2840 eucharistiam
1150 2800 1240 2840 aoce-
1320 2795 1321 2800 ’

205 2864 275 2926 dere
294 2862 408 2924 debeat.
446 2861 527 2937 Quod
545 2858 563 2922 a
582 2857 750 2922 Christianis
769 2865 906 2936 omnibus,
926 2866 1012 2925 etiam
1030 2866 1066 2926 ab
1085 2867 1121 2925 iis
1139 2885 1242 2926 saeer-

205 2951 333 3023 dotibus,
362 2951 463 3028 quibus
486 2969 523 3010 cx
545 2950 643 3010 officio
667 2949 829 3010 incubuerit
848 2950 1012 3024 celebrare,
1040 2950 1114 3010 haec
1137 2963 1243 3012 sancta

205 3035 331 3116 synodus
353 3047 493 3116 perpetuo
521 3034 690 3096 servandum
714 3055 778 3096 esse
803 3034 946 3108 decrevit,
971 3035 1056 3097 modo
1081 3057 1138 3097 non
1163 3036 1243 3098 desit

205 3123 262 3182 illis
281 3123 366 3202 copia
384 3123 569 3182 confessoris.
608 3120 690 3194 Quod
712 3122 737 3181 si
755 3124 929 3182 necessitate
953 3133 1074 3201 urgente
1097 3121 1244 3184 sacerdos

206 3207 312 3287 absque
335 3210 452 3286 praevia
476 3208 657 3266 confessione
682 3207 887 3279 celebraverit,
916 3227 996 3287 quam
1020 3209 1139 3287 primum
1168 3229 1244 3270 oon-

207 3294 329 3356 fiteatur.

172 3443 198 3485 n
387 3431 414 3478 C.
423 3431 488 3479 vlu.
524 3428 622 3477 Deuca
632 3429 793 3478 admn'raotltc
803 3431 878 3478 daras
888 3433 1055 3481 sacramenti.

293 3513 393 3586 Quoad
412 3534 491 3574 usum
509 3525 603 3574 autem
621 3525 702 3575 recte
726 3527 756 3574 et
773 3517 919 3596 sapienter
937 3514 1037 3574 Patres
1060 3516 1152 3574 nostri
1175 3526 1241 3575 tres

207 3601 334 3659 rationes
365 3600 420 3658 hoc
448 3611 576 3660 sanctum
607 3605 816 3660 sacramentum
847 3599 1008 3698 accipiendi
1036 3598 1242 3660 distinxerunt.

232 3832 238 3844 .
259 3780 337 3825 Sora.
350 3779 422 3824 xltt.
458 3782 481 3834 1)
494 3795 515 3826 o.
528 3784 562 3826 11.
576 3784 606 3827 l).
616 3783 649 3850 11.
664 3784 693 3828 rlo
707 3796 771 3828 conr.
785 3782 854 3840 (Cap.
869 3783 999 3878 Frenake.
1012 3787 1044 3828 ¹⁰.
1059 3781 1091 3827 X.
1105 3783 1134 3828 do
1149 3783 1242 3828 colcha.

208 3844 273 3874 mara.
284 3831 329 3875 111.
338 3836 372 3876 tl.
382 3831 481 3886 (Honor.
491 3833 548 3889 111.]
558 3857 583 3868 -
592 3835 622 3879 cl.
633 3835 688 3878 inlr.
699 3847 749 3878 can.
759 3836 779 3877 t.
790 3857 815 3868 —
840 3837 864 3888 2)
875 3847 939 3880 conc.
978 3848 1008 3878 rc.
1018 3833 1039 3878 1.
1049 3849 1070 3878 c.
1085 3838 1117 3880 1³.
1131 3840 1163 3886 (o.
1176 3838 1199 3880 d.
1211 3835 1241 3880 0.

209 3881 430 3990 iixd¹tl¹¹ss⁰lfi
439 3885 546 3982 82:811·
556 3899 589 3982 ll·
601 3883 919 3992 ⁶⁰⁰⁰sl¹¹dlllt⁵2t⁸⁸lt¹²e
930 3885 1116 3983 ‘illailla‘
1126 3888 1172 3942 ⁶³¹³
1183 3887 1244 3931 aa.
