2654 4330
187 213 284 318 m.
323 235 524 312 ‘snssru
549 215 638 308 xiv.
672 251 910 306 unruuoc
936 251 1096 307 srucr.
1149 261 1151 266 ·

210 399 357 468 cessione,
376 395 573 466 invocatione,
592 392 776 472 reiquiarum
793 391 918 463 honore,
938 401 968 452 et
985 391 1113 472 legitimo
1132 391 1237 470 imagi-

209 501 275 543 num
297 502 363 554 usu,
391 479 494 540 hdeles
515 478 671 558 diligenter
687 479 847 549 instruant,
871 475 1011 536 docentes
1028 494 1094 546 eos,
1117 487 1236 536 sanctos

209 587 267 628 una
285 586 347 628 curu
367 565 484 629 Christo
499 574 656 643 regnantes
673 565 820 624 orationes
837 579 902 621 sues
920 579 973 640 pro
992 561 1153 622 hominihus
1170 560 1235 621 Deo

211 654 332 724 offerre,
356 652 461 711 honum
483 661 568 731 atque
591 650 660 709 utile
684 667 748 708 esse
771 647 939 727 suppliciter
960 665 1012 706 eos
1034 648 1186 718 invocare,
1205 659 1236 707 et

210 740 248 797 ob
266 737 409 798 beneficia
431 732 611 816 impetranda
633 755 651 792 a
667 732 730 793 Deo
752 751 807 811 per
828 731 927 792 Filium
951 733 1012 791 eius
1035 731 1127 792 lesum
1151 731 1236 791 Chri·

112 845 118 860 ·
157 851 198 895 25⁶
211 834 282 884 stum
293 826 321 898 ¹)
341 820 490 881 Dominum
509 829 646 891 nostrum,
666 819 714 898 qui
732 819 809 878 solus
827 825 927 878 noster
944 815 1112 895 redemptor
1129 823 1161 876 et
1179 819 1236 877 sal·

209 919 295 969 vator
312 917 366 979 est,
386 904 423 970 od
443 923 542 966 eorum
560 900 721 976 orationes,
749 922 833 983 opem
849 901 1043 982 auxiliumque
1059 902 1235 981 coniugem

210 995 277 1054 illos
302 1012 387 1063 vero,
415 992 463 1072 qni
481 1000 605 1070 negant,
641 998 757 1048 sanctos
783 998 902 1048 aeterna
927 988 1067 1048 felicitate
1093 988 1123 1046 in
1152 989 1236 1048 coelo

209 1081 339 1139 fruentes
361 1074 537 1136 invocandos
559 1093 637 1146 esse,
661 1083 711 1134 aut
727 1073 776 1156 qui
793 1083 938 1146 asserunt,
964 1071 1011 1133 vel
1029 1072 1094 1132 illos
1110 1087 1166 1152 pro
1184 1073 1239 1132 ho·

210 1163 332 1224 minibus
354 1180 411 1221 non
435 1179 535 1233 orare,
562 1160 608 1220 vel
635 1179 748 1231 eorum,
776 1169 807 1218 ut
827 1179 881 1238 pro
903 1155 986 1218 uobis
1009 1157 1094 1218 etiam
1117 1159 1238 1237 singulis

211 1258 305 1320 orent,
324 1248 535 1307 invocationem
554 1265 617 1306 esse
635 1242 838 1315 idololatriam,
856 1243 902 1304 vel
921 1263 1049 1329 pugnare
1068 1263 1131 1303 cum
1145 1243 1236 1304 verbo

210 1329 281 1405 Ilei,
308 1331 510 1410 adversamque
533 1329 636 1392 honori
663 1331 745 1391 unius
772 1328 939 1390 mediatoris
960 1327 1015 1390 Dei
1037 1339 1067 1389 et
1092 1327 1239 1390 hominum

210 1417 276 1478 lesu
303 1417 410 1477 Christi
418 1419 462 1492 ²),
489 1417 535 1476 vel
557 1417 671 1476 stultum
694 1433 772 1488 esse,
796 1417 825 1474 iu
848 1415 931 1475 coelo
955 1413 1140 1496 regnantibus
1163 1434 1237 1475 voce

107 1499 110 1509 '
209 1504 256 1562 vel
274 1513 369 1562 mente
387 1502 559 1581 supplicare,
578 1501 664 1579 impie
682 1501 799 1560 sentire.
845 1497 1016 1561 Sanctorum
1035 1517 1147 1580 quoque
1162 1520 1239 1560 mar·

209 1599 305 1668 tyrum
323 1598 354 1648 et
371 1587 491 1647 aliorum
510 1605 573 1647 cum
588 1583 702 1645 Christo
720 1585 873 1646 viventium
891 1595 991 1646 sancta
1010 1605 1143 1666 corpora,
1165 1606 1237 1668 quae
1316 1631 1317 1658 ,

209 1676 275 1734 viva
292 1671 419 1732 membra
437 1673 553 1732 luerunt
571 1669 687 1741 Christi,
706 1681 736 1730 et
753 1671 887 1751 templum
907 1667 1029 1748 Spiritus
1047 1673 1191 1746 sanctii),
1202 1671 1237 1732 ab
1316 1663 1317 1676 ¹

209 1759 273 1838 ipso
296 1756 333 1816 ad
355 1767 500 1817 aeternam
521 1757 607 1816 vitam
626 1754 790 1816 suscitanda
815 1766 846 1816 et
863 1753 1052 1834 glorificanda
1069 1776 1087 1815 a
1106 1755 1238 1817 fidelihus

210 1841 375 1904 veneranda
392 1844 510 1918 esse⁴),
528 1861 582 1921 per
599 1861 672 1923 quae
691 1841 778 1902 multa
796 1840 939 1902 beneficia
960 1861 977 1900 a
994 1839 1057 1900 Deo
1076 1839 1239 1902 hominihus
1317 1855 1318 1858 ’

209 1938 403 2009 praestantur,
421 1929 462 1988 ita
470 1939 502 1986 ut
509 1923 690 1999 affirmantes,
705 1937 868 1986 sanctornm
878 1924 1005 2006 reliquiis
1019 1929 1237 1988 venerationem
1317 1929 1318 1938 ’

209 2024 295 2094 atque
313 2012 451 2074 honorem
471 2032 528 2072 non
547 2011 663 2086 deberi,
685 2013 731 2073 vel
750 2031 800 2072 eas
817 2012 930 2092 aliaque
952 2031 1037 2072 sacra
1053 2025 1238 2074 monumenta

209 2096 377 2163 alidelihus
399 2099 538 2160 inutiliter
559 2097 710 2170 honorari,
733 2108 817 2178 atque
836 2116 936 2176 eorum
954 2099 1016 2179 opis
1038 2097 1236 2178 impetrandae

210 2203 298 2247 causa
320 2195 482 2246 sauctorum
504 2185 656 2245 memorias
678 2184 785 2243 frustra
806 2183 998 2262 frequentari,
1018 2184 1134 2244 omniuo
1160 2183 1238 2246 dam·

209 2267 320 2330 nendos
338 2288 417 2342 esse,
443 2279 530 2349 prout
551 2269 607 2328 iam
624 2265 733 2350 pridem
757 2287 809 2328 eos
827 2267 982 2340 damnavit,
1009 2278 1041 2327 et
1057 2288 1133 2330 nuuc
1151 2274 1240 2332 stiam

210 2351 326 2415 damnat
346 2355 481 2416 ecclesia.
530 2352 672 2434 Imagines
693 2374 781 2434 porro
806 2353 925 2426 Christi,
953 2351 1089 2432 deiparae
1107 2353 1239 2436 Virginis

209 2451 241 2500 et
262 2440 383 2500 aliorum
405 2449 568 2498 sanctorum
590 2440 620 2497 iu
642 2439 755 2520 templis
776 2441 945 2519 praesertim
968 2437 1114 2500 habendas
1138 2453 1171 2501 et
1193 2463 1238 2503 re·

209 2519 351 2595 libandas,
371 2525 468 2602 eisque
487 2521 613 2584 debitum
630 2523 770 2584 honorem
789 2536 819 2585 et
834 2527 1050 2586 venerationem
1068 2527 1239 2608 impertien-

209 2605 289 2681 dam,
308 2629 366 2668 non
385 2607 461 2689 quod
480 2606 617 2668 credatur
633 2611 728 2670 inesse
751 2609 847 2698 alipta
863 2614 893 2671 in
911 2613 946 2673 iis
964 2609 1097 2672 divinitas
1114 2612 1163 2672 vel
1181 2615 1238 2674 vir·

208 2705 268 2765 tus,
290 2703 515 2774 propterquam
538 2695 596 2754 sint
613 2693 767 2767 colendae,
789 2697 836 2756 vel
860 2695 936 2778 quod
958 2697 993 2756 ab
1012 2697 1055 2756 eis
1073 2697 1111 2772 sit
1129 2697 1238 2778 aliquid

207 2778 375 2860 petendum,
398 2779 444 2840 vel
469 2778 544 2859 qnod
567 2778 672 2840 fiducia
693 2783 722 2840 iu
744 2781 913 2859 imaginihus
933 2783 972 2842 sit
994 2780 1123 2860 figenda,
1149 2786 1238 2846 veluti

208 2867 276 2925 olim
295 2865 417 2926 hebete
435 2866 577 2943 gentihus,
596 2885 669 2944 qnae
683 2868 712 2925 iu
728 2864 811 2925 idolis
821 2886 898 2947 spem
909 2887 987 2928 suam
998 2867 1185 2928 collocabant
1193 2873 1238 2945 ⁵)·.

207 2948 260 3011 sed
278 2952 411 3032 quoniam
428 2951 534 3023 honos,
562 2952 610 3031 qui
627 2952 670 3011 eis
688 2951 852 3024 exhibetur,
872 2952 997 3012 refertur
1013 2951 1050 3010 ad
1067 2965 1236 3034 prototypa,

208 3056 281 3116 quac
299 3038 366 3100 illac
383 3046 613 3117 repraesentant,
630 3038 673 3096 ita
689 3046 722 3097 ut
736 3055 791 3116 per
807 3038 955 3116 imagines,
970 3057 1046 3118 unas
1062 3040 1235 3112 osculamur,

208 3132 239 3181 et
262 3141 359 3183 coram
383 3121 483 3202 qnihm
511 3131 597 3202 caput
618 3123 760 3202 aperimus
783 3131 814 3182 et
838 3123 1061 3202 procumbimus,
1090 3122 1235 3184 Christum

207 3205 375 3281 adoremus,
393 3219 425 3268 ct
441 3217 572 3282 sanctos,
595 3226 714 3287 quorum
731 3209 798 3270 illae
817 3207 1028 3271 similitudinem
1046 3220 1165 3287 gerunt,
1186 3230 1237 3269 ve-

206 3311 349 3354 neramur.
386 3291 420 3354 ld
438 3291 513 3373 guod
531 3292 729 3366 conciliorum,
747 3295 916 3373 praesertim
934 3313 1004 3354 vero
1022 3293 1170 3355 secundae
1181 3294 1236 3355 Ni-

207 3396 316 3440 caenae
335 3377 439 3460 synodi
447 3380 476 3453 θ)
504 3378 631 3440 decretis
654 3389 756 3438 contra
777 3373 928 3457 imaginum
951 3389 1166 3458 oppugnatores
1191 3391 1235 3440 est

206 3468 356 3526 sancitum.
609 3477 613 3480 “

152 3579 194 3624 „2
292 3548 364 3610 lllud
391 3568 461 3610 vero
488 3547 644 3627 diligenter
674 3543 800 3610 doceant
829 3550 973 3630 episcopi,
1008 3569 1062 3630 per
1095 3550 1233 3613 historias

207 3635 406 3714 mysteriorum
433 3644 549 3694 nostrae
576 3632 797 3714 redemptionis,
824 3637 944 3714 picturis
970 3637 1017 3695 vel
1043 3635 1107 3695 aliis
1133 3637 1232 3696 simili·

258 3813 335 3856 Seu.
348 3812 426 3856 XXV.
454 3817 475 3865 lt
489 3814 520 3857 ci.
531 3813 728 3860 Secr.XX11.‹le
745 3828 805 3859 sacr.
815 3816 879 3860 nisu.
890 3818 940 3880 τῷ.
949 3835 976 3852 ··-
1000 3819 1022 3870 t)
1037 3815 1121 3860 t‘ttm
1130 3815 1166 3860 ll.
1175 3820 1196 3860 t.
1205 3835 1232 3851 -·

205 3863 528 3964 difflldrha¹[vb)h⁹ct²
534 3864 645 3959 ⁸(lopussvl
654 3868 688 3909 tt.
697 3887 723 3902 -
740 3870 762 3920 4)
772 3866 803 3911 cl.
813 3881 878 3911 conc.
889 3865 942 3912 Nnc.
953 3867 987 3910 11.
1000 3880 1021 3910 o.
1030 3869 1049 3911 i.
1059 3887 1085 3901 -
1111 3869 1133 3921 b)
1144 3867 1230 3911 Pul}
