2654 4334
280 288 362 346 ruit
379 287 545 344 cometis
564 287 676 342 Tum.
694 287 953 346 ΙΝΝΟΥΑΤΑΒ.
1057 291 1136 354 m

101 439 244 510 praestet,
263 430 354 507 possit
368 427 483 490 edicere
496 427 572 510 apud
587 433 675 502 eum),
694 428 731 490 do
745 433 920 491 monasterio
935 451 998 493 com
1013 433 1137 496 ionmta
1224 431 1239 499 s

101 526 137 575 et
156 512 271 574 decenti
294 515 434 575 societate
457 516 538 578 orire
559 517 668 596 poterit
685 535 722 578 eo
745 536 813 576 casu
835 517 973 591 licentem
1000 519 1137 599 homagia

99 601 199 670 facto,
224 601 427 680 quamprimum
446 599 595 660 commode
614 603 738 681 poterit,
761 621 811 662 sen
830 601 977 663 fidelitatis
994 606 1137 683 praestito

101 695 301 757 sacramento,
329 684 365 746 ad
388 687 478 766 ipsum
505 687 707 746 monasterium
726 689 883 766 evestigio
907 707 1061 754 mersura
1081 692 1135 764 sic,

103 771 187 852 quod
201 773 230 830 in
254 770 382 831 mandem
405 771 582 834 residentiae
605 773 665 832 sive
688 792 786 833 morae
809 773 970 834 claustralis
993 775 1062 836 nilril
1085 776 1136 837 liat

101 876 231 916 omnino.

192 942 284 1001 Porro
303 961 339 1001 ne
359 944 495 1002 moniales
515 963 628 1002 causam
651 963 701 1003 seu
721 944 1048 1026 occasionembabeant
1067 948 1153 1006 eva-‘

101 1026 203 1108 gandi,
222 1027 367 1107 principes
385 1029 550 1088 saeculares
568 1049 603 1088 ae
621 1029 694 1089 alios
713 1027 845 1089 dominos
859 1032 1033 1110 temporales
1047 1051 1135 1112 roga·

99 1135 177 1185 mus,
196 1115 365 1193 requirimus
383 1123 414 1174 et
431 1113 614 1179 obsecramus
632 1117 815 1194 perviscera
832 1115 1050 1180 misericordiae
1070 1118 1134 1180 lesu
1224 1175 1226 1182 ,

102 1199 227 1270 Christi,
251 1197 358 1259 eisdem
382 1201 410 1259 in
433 1201 629 1261 remissionem
651 1202 847 1280 peccaminum
870 1203 1052 1263 nihilominus
1070 1217 1187 1264 sua-aea

102 1283 217 1355 dentes,
237 1283 311 1363 quod
330 1284 489 1348 abbatissas
507 1287 584 1365 ipsas
602 1296 633 1346 et
649 1287 818 1367 priorissas,
839 1307 874 1347 ac
893 1289 1032 1349 moniales
1051 1309 1134 1368 quas-

86 1421 87 1424 ,
104 1389 227 1449 cunque,
248 1372 483 1432 monasteriorum
497 1391 612 1432 suorum
627 1391 734 1446 curam,
753 1371 1028 1436 administrationem
1043 1394 1134 1454 nego-

100 1458 182 1516 tiave
201 1466 350 1534 gerentes,
375 1456 586 1538 quibuscunque
605 1457 765 1520 nominibus
784 1469 971 1533 censeantur,
994 1479 1047 1542 per
1064 1480 1134 1542 pro-

102 1551 256 1604 curatores
270 1543 298 1601 in
313 1543 370 1602 suis
389 1542 576 1605 tribunalibus
595 1563 645 1604 seu
664 1545 751 1604 curiis
769 1544 811 1605 liti
834 1563 883 1603 are
902 1547 1077 1624 permittant,
1097 1566 1133 1606 ne

100 1648 158 1708 pro
183 1626 388 1690 constituendis
415 1628 664 1708 procuratoribus,
694 1629 759 1710 (qui
785 1565 918 1690 acfitrnati
941 1631 970 1688 iu
989 1631 1133 1710 ‚aliquibus

100 1712 232 1794 partibus
259 1715 489 1794 nuncupantur),
516 1734 567 1774 seu
594 1715 658 1776 aliis
685 1713 824 1776 eiusmodi
853 1712 968 1775 easdem
1000 1727 1135 1796 oporteat

102 1799 233 1880 evagari.
290 1796 322 1857 Si
349 1801 397 1879 qui
422 1819 492 1860 vero
520 1810 621 1859 contra
647 1801 906 1881 praesumpserint,
939 1800 1134 1863 exhortationi
1160 1835 1164 1842 ·

101 1882 266 1946 huiusmodi
297 1884 462 1946 rationabili
493 1895 578 1964 atque
609 1895 726 1944 sanctae
759 1885 959 1964 obtemperare
990 1888 1133 1958 nolentes,
1193 1898 1196 1904 ’

104 1991 188 2052 quum
203 1971 241 2030 sit
254 1970 309 2032 iuri
324 1971 507 2044 contrarium,
527 1968 603 2049 quod
617 1969 752 2030 mulieres
770 1971 953 2052 (praesertim
963 1971 1132 2050 religiosae)

101 2075 158 2138 per
180 2075 211 2114 se
234 2057 310 2136 ipsas
333 2056 447 2135 litigare
471 2067 625 2136 cogantur,
649 2066 680 2114 et
697 2076 714 2114 a
730 2057 777 2116 via
796 2055 893 2116 deviet
910 2057 1081 2130 honestatis,
1104 2067 1134 2120 et

100 2139 261 2223 periculum
285 2141 440 2202 animarum
475 2138 604 2210 inducat,
641 2138 678 2199 ad
705 2139 761 2202 hoc
793 2161 846 2222 per
877 2160 946 2201 snos
970 2141 1133 2204 ordinarios

101 2225 321 2289 ecclesiasticos
349 2245 471 2287 censura
499 2225 697 2286 ecclesiastica
722 2227 938 2308 compellantur.
979 2223 1133 2309 Episcopis

101 2323 199 2374 autem
222 2323 252 2371 et
278 2312 343 2372 aliis
369 2311 506 2393 praelatis
533 2311 730 2393 superioribus
753 2321 783 2370 et
806 2311 991 2394 inferioribus
1018 2314 1133 2394 quibus·
1233 2347 1236 2358 ·

102 2417 216 2480 cumque
240 2398 425 2476 iniungimus,
454 2395 529 2478 quod
556 2407 586 2456 et
612 2398 667 2476 ipsi
695 2417 795 2458 canses
814 2417 864 2458 seu
895 2400 1026 2478 negotia,
1060 2418 1132 2480 quae

100 2485 252 2565 praelatae
271 2483 410 2544 moniales
428 2478 575 2542 habebunt
591 2502 691 2564 agere,
716 2503 813 2546 coram
832 2484 911 2563 ipsis,
930 2493 980 2544 aut
997 2485 1025 2544 in
1045 2485 1133 2544 curiis

102 2567 276 2640 eorundem,
304 2569 364 2632 sive
391 2568 449 2628 siut
475 2567 622 2648 homagia,
655 2567 803 2629 fidelitatis
829 2581 1024 2644 sacramenta,
1056 2571 1131 2642 lites,

100 2657 149 2716 vel
174 2652 309 2736 quicquid
332 2652 424 2727 aliud,
450 2653 512 2735 ipsa
533 2672 587 2734 per
603 2663 809 2736 procuratores
827 2675 924 2716 earum
943 2655 1007 2721 fieri
1023 2657 1134 2717 iaciant

102 2752 133 2801 et
151 2741 282 2800 tractari.

189 2825 229 2886 Et
246 2826 377 2904 quoniam
395 2845 495 2907 parum
514 2834 592 2884 esset
610 2821 736 2884 condere
755 2827 827 2897 iura,
847 2827 901 2885 nisi
920 2837 1018 2886 essem
1035 2829 1134 2906 quiea
1205 2819 1212 2826 ’

101 2912 283 2974 exsecutioni
296 2910 394 2975 debite
408 2909 623 2982 demandarent,
641 2909 824 2990 patriarchis,
842 2911 1018 2990 primatibus,
1037 2913 1134 2972 archi·

103 2998 249 3084 episcopis
273 3006 303 3057 et
330 2997 474 3077 episcopis
500 2995 640 3056 universis
667 2993 797 3054 districte
825 2995 854 3052 iu
880 2997 986 3055 virtute
1013 3008 1131 3057 sanctae

102 3082 303 3155 obedientiae,
327 3081 378 3142 sub
398 3082 591 3143 obtestatione
615 3078 703 3140 divini
725 3077 826 3140 iudicii
848 3087 878 3139 et
900 3082 1133 3142 interminatione

101 3167 315 3229 maledictionis
325 3179 462 3230 aeternae
471 3165 677 3248 praecipiendo
686 3163 860 3237 mandamus,
880 3175 1018 3246 quatenus
1032 3187 1132 3228 eorum

101 3255 226 3335 quilibet
237 3255 270 3313 in
282 3255 398 3314 civitate
412 3274 447 3314 ac
461 3252 591 3313 dioecesi
604 3253 720 3332 propria
733 3253 763 3313 ia
777 3252 958 3327 monasteriis
967 3253 1132 3314 monialium

100 3341 157 3400 sibi
177 3338 326 3400 ordinario
343 3341 406 3399 lure
425 3338 562 3400 subiectis
584 3358 648 3410 sua,
672 3339 700 3398 iu
719 3338 754 3398 iis
771 3357 857 3410 vero,
880 3353 953 3418 quae
971 3335 1009 3398 ad
1027 3333 1133 3400 Roma·
1201 3331 1208 3354 ‘

101 3445 168 3486 nam
186 3423 349 3485 immediate
369 3435 502 3505 spectant
520 3425 689 3495 ecclesiam,
711 3422 985 3504 sedisapostolicae
1004 3425 1133 3486 auetori-
1169 3473 1170 3476 ,

101 3521 178 3586 tate;
202 3511 321 3572 abbates
346 3531 418 3571 vero
441 3511 542 3571 etalii
565 3520 622 3572 tam
640 3511 765 3588 exempti
787 3511 910 3591 praelati
933 3508 1133 3582 ecelesiarum,

74 3630 80 3639 ,
101 3598 342 3678 monasteriorum
352 3607 383 3657 ct
392 3595 522 3656 ordinum
537 3613 778 3676 quorumcunque,
797 3598 827 3657 ia
840 3596 1021 3658 monasteriis
1035 3596 1133 3658 buius-

101 3681 180 3742 roedi
197 3684 253 3743 sibi
270 3684 408 3743 subiectis
426 3682 461 3744 de
481 3682 613 3743 clausura
631 3682 825 3754 convenienti,
842 3683 891 3745 uti
909 3701 966 3744 non
981 3691 1035 3754 est,
1053 3682 1133 3762 ipso·

101 3783 165 3828 rum
184 3771 420 3830 monasteriorum
439 3770 572 3849 expensis
590 3777 621 3828 et
638 3765 763 3828 fidelium
783 3768 982 3848 eleemosynis,
1007 3787 1076 3847 ques
1093 3766 1132 3830 ad

102 3853 161 3912 boc
179 3864 338 3933 procurent
354 3854 519 3934 diligentius
532 3852 689 3925 iaciendas,
708 3863 739 3916 et
757 3853 792 3916 de
810 3855 880 3935 ipsis
898 3853 1068 3914 monialibus
1085 3853 1130 3914 iu·
1203 3852 1211 3859 “

101 3937 262 4013 eludendis,
286 3943 505 4021 quamprimum
524 3939 675 4001 commode
691 3951 826 4020 poterunt
844 3939 1007 4054 prcpldere,
1026 3957 1133 4018 procu·
