2654 4334
294 215 870 298 Ηυεεγιιητιιιῑιιμλ
937 197 997 310 t*
1057 225 1139 308 pap
1203 169 1208 188 ⁸

114 375 176 416 non
203 364 270 414 snut
291 353 327 416 de
350 354 490 434 religione
515 355 685 418 Christiana.
725 363 776 422 24.
796 359 911 420 Fratres
933 371 1067 422 tenentur
1089 383 1141 442 per
1240 427 1248 440 .

115 440 245 500 laborem
264 460 394 500 manuum
411 442 515 500 victum
534 445 698 521 acquirere,
727 454 756 504 at
774 465 831 503 non
849 463 901 524 per
918 447 1139 508 mendicitatem.
1207 443 1214 450 ’

112 531 170 592 25.
189 523 293 584 Omnes
311 537 375 584 sunt
393 527 550 597 simoniaci,
574 529 620 606 qui
639 547 670 586 se
690 527 818 606 obligant
836 549 921 590 orare
944 550 996 611 pro
1016 531 1079 592 aliis
1098 537 1140 592 eis

115 613 145 686 in
164 611 367 688 temporalibus
386 611 624 671 subvenientibus.
663 619 713 676 26.
734 613 831 672 Oratio
850 617 985 694 praesciti
1004 617 1072 675 nulli
1090 637 1140 676 va-

115 697 169 754 let.
215 700 267 758 27.
288 694 387 754 Omnia
406 694 441 755 de
461 699 633 756 necessitate
656 698 786 758 absoluta
805 701 948 759 eveniunt.
992 706 1043 764 28.
1064 701 1141 761 Con-

91 780 241 846 ,firmatio
260 782 404 851 iuvenum,
429 782 599 841 clericorum
623 780 780 854 ordinatio,
806 785 933 844 locorum
957 790 1139 860 consecratio
1223 803 1229 816 ·

115 876 301 925 reservantur
314 865 409 945 Papae
428 877 459 924 et
476 868 620 946 episcopis
637 879 757 946 propter
774 867 957 948 cupiditatem
977 871 1050 930 lucri
1069 883 1141 931 tem·

114 952 224 1029 poralis
242 961 273 1010 et
290 952 418 1010 honoris.
457 956 509 1016 29.
529 951 750 1024 Universitates,
778 952 885 1025 studia,
910 955 1048 1032 collegia,
1074 976 1140 1034 gra-

115 1034 267 1095 duationes
286 1047 316 1095 et
334 1038 497 1114 magisteria
519 1039 549 1095 in
573 1036 680 1097 eisdem
698 1049 761 1097 sunt
779 1059 852 1098 vana
871 1039 1031 1117 gentilitate
1051 1041 1141 1099 intro·

115 1120 217 1194 ducta3
235 1131 342 1180 tantum
361 1132 480 1199 prosunt
503 1123 656 1195 ecclesiae,
679 1125 753 1182 sicut
770 1122 911 1184 diabolus.
947 1125 997 1189 30.
1017 1123 1141 1185 lincom-

109 1208 270 1272 ‚munieatio
294 1206 387 1284 Papae
410 1208 456 1266 vel
484 1209 674 1287 cuiuscunque
701 1210 824 1289 praelati
851 1229 906 1267 non
934 1220 978 1268 est
1004 1210 1139 1282 timenda,

110 1293 182 1370 ¹quia
202 1303 246 1350 est
263 1311 385 1352 censura
403 1293 572 1354 antichristi.
618 1299 669 1356 31.
689 1293 817 1354 Peccant
833 1293 984 1354 fundantes
1005 1296 1140 1367 claustra,

115 1387 147 1435 et
165 1376 359 1456 ingredientes
374 1388 438 1436 sunt
455 1379 508 1436 viri
528 1375 672 1438 diabolici.
710 1385 760 1443 32.
776 1379 875 1439 [litare
892 1380 997 1440 clerum
1013 1392 1056 1440 est
1071 1401 1141 1440 con-

115 1473 162 1520 tra
180 1463 307 1540 regulam
327 1462 444 1522 Christi.
482 1468 532 1526 33.
553 1461 692 1524 Silvester
714 1464 792 1543 Papa
815 1476 845 1524 et
867 1465 1071 1526 Constantinus
1089 1467 1141 1525 im·

115 1558 235 1626 perator
261 1559 394 1606 errarunt
420 1549 571 1608 ecclesiam
599 1548 734 1608 dotando.
780 1555 831 1612 34.
852 1548 955 1609 Omnes
979 1547 1014 1608 de
1038 1547 1139 1610 ordine

118 1631 337 1708 mendicantium
355 1644 419 1692 suut
437 1634 591 1705 baeretici,
620 1645 649 1694 et
672 1632 771 1694 dantes
795 1636 837 1694 eis
860 1635 1057 1714 eleemosynas
1075 1645 1140 1694 suut

109 1720 364 1784 ‚excommunicati
402 1723 453 1781 35.
475 1716 674 1796 lngredientes
692 1721 860 1797 religionem
880 1730 929 1779 aut
950 1720 1072 1799 aliquam
1093 1739 1192 1784 or-tao

117 1801 212 1862 dinem
246 1824 281 1862 eo
300 1805 361 1883 ipso
380 1804 520 1864 inhabiles
539 1815 602 1862 sunt
618 1803 654 1863 ad
669 1802 847 1864 observanda
862 1803 957 1864 divina
971 1817 1139 1886 praecepta,

116 1899 148 1946 et
165 1908 217 1967 per
235 1898 412 1969 consequens
431 1888 466 1948 ad
484 1887 706 1968 perveniendum
725 1888 760 1950 ad
775 1909 894 1967 regnum
910 1889 1066 1960 coelorum,
1085 1892 1140 1950 nisi

117 1977 341 2052 apostataverint
359 1975 394 2033 ab
414 1973 531 2034 eisdem.
559 1979 609 2038 36.
625 1973 702 2053 Papa
721 1995 782 2035 cum
804 1973 931 2034 omuibus
950 1974 1064 2034 clericis
1082 1977 1140 2034 suis

115 2062 326 2138 possessionem
345 2059 514 2118 habentibus
532 2071 597 2118 sunt
614 2061 754 2120 haeretici
773 2080 823 2131 eo,
850 2058 924 2142 quod
942 2059 1140 2139 possessiones

114 2145 235 2216 babent,
255 2157 284 2204 et
303 2147 515 2205 consentientes
533 2148 588 2216 eis,
614 2164 710 2205 omncs
733 2143 868 2205 videlicet
886 2144 992 2206 domini
1011 2145 1142 2205 saecula·

114 2249 177 2301 rcs,
206 2243 235 2289 et
261 2232 352 2292 ceteri
377 2232 453 2290 laici.
489 2236 540 2294 37.
562 2231 696 2291 Ecclesia
717 2230 844 2290 Romana
868 2241 912 2290 est
929 2250 1076 2310 synagoga
1095 2251 1142 2290 sa·
1230 2249 1233 2254 ⁴

114 2327 210 2386 tanae,
239 2336 291 2375 nec
310 2315 387 2395 Papa
411 2327 455 2374 est
481 2319 625 2394 proximus
649 2327 678 2376 et
695 2315 874 2396 immediatus
891 2317 1015 2376 vicarius
1034 2315 1141 2374 Christi

114 2412 146 2460 et
164 2402 376 2481 Apostolorum.
414 2407 464 2466 38.
490 2401 660 2462 Decretales
687 2404 830 2462 ecclesiae
858 2412 923 2461 suut
945 2401 1140 2479 apocryphae,

114 2497 146 2544 et
164 2485 303 2546 seducunt
321 2507 337 2546 a
356 2485 411 2546 fide
432 2486 551 2557 Christi,
586 2499 615 2547 et
634 2489 733 2548 clerici
752 2499 817 2548 sunt
837 2487 926 2559 stulti,
955 2489 1001 2565 qui
1025 2484 1142 2544 student

114 2573 168 2632 eis.
217 2576 267 2636 39.
287 2570 448 2651 lmperator
465 2583 495 2632 et
514 2571 620 2631 domini
639 2573 803 2632 saeculares
822 2583 887 2632 sunt
904 2570 1016 2632 seducti
1043 2591 1059 2630 a
1079 2570 1140 2630 dia-

112 2657 192 2728 bolo,
220 2669 252 2716 ut
274 2659 426 2717 ecclesiam
450 2655 584 2716 dotarent
602 2658 683 2717 bonis
702 2653 914 2736 temporalibus.
950 2663 1003 2721 40.
1025 2656 1140 2716 Electio
1212 2663 1216 2671 '

113 2741 210 2821 Papae
229 2763 245 2800 a
265 2741 456 2824 cardinalibus
474 2763 490 2801 a
514 2740 629 2800 diabolo
651 2754 695 2801 est
713 2741 885 2802 introducta.
932 2748 985 2804 4l.
1010 2740 1076 2800 Non
1096 2751 1141 2801 est

114 2827 151 2886 de
171 2831 343 2888 necessitate
367 2830 464 2888 salutis
488 2821 624 2898 credere,
651 2826 806 2886 Romanam
829 2827 982 2886 ecclesiam
1006 2844 1069 2884 esse
1093 2846 1140 2884 su·
1217 2847 1221 2864 .

112 2905 240 2992 premam
258 2915 334 2973 iuter
351 2915 422 2972 alias
441 2913 591 2972 ecclesias.
628 2918 680 2976 42.
700 2911 816 2971 Fatuum
840 2922 885 2970 est
907 2907 1028 2970 credere
1048 2908 1140 2978 indul-

114 3001 223 3076 gentiis
249 2997 343 3080 Papae
371 3009 401 3058 et
427 3000 637 3078 episcoporum.
672 3002 723 3060 43.
753 2997 913 3055 lurarnenta
940 2995 1041 3053 illicita
1063 3006 1138 3067 sunt,

115 3104 189 3162 quae
209 3085 278 3144 fiunt
296 3083 331 3144 ad
351 3082 582 3144 corroborandos
605 3083 742 3142 humanos
765 3091 930 3141 contractus
949 3091 978 3138 et
998 3099 1140 3140 commer-

115 3171 162 3228 cia
181 3171 285 3231 civilia.
312 3177 364 3234 44.
383 3169 568 3248 Augustinus,
586 3166 760 3228 Benedictus
784 3178 814 3226 ct
832 3163 996 3226 Bernardus
1015 3162 1139 3224 damnati

113 3266 190 3326 sunt,
210 3257 263 3316 nisi
282 3257 457 3334 poenituerit
474 3254 509 3314 de
528 3255 595 3326 hoc,
615 3252 689 3333 quod
708 3252 867 3312 babuerunt
884 3247 1091 3330 possessiones,
1111 3263 1141 3308 et

115 3331 303 3422 instituerunt
319 3352 349 3400 et
366 3343 544 3401 intraverunt
562 3339 733 3420 religiones3
758 3351 786 3398 et
805 3341 846 3398 sic
865 3357 883 3396 a
900 3334 977 3414 Papa
996 3354 1083 3411 usque
1103 3332 1139 3393 ad

111 3415 242 3486 'ultimum
262 3415 425 3506 religiosum
445 3446 542 3485 omnes
560 3436 624 3486 sunt
642 3426 792 3484 haeretici.
828 3429 880 3488 45.
900 3419 1004 3480 Omnes
1021 3420 1140 3496 religio-

115 3531 167 3586 nes
185 3511 384 3581 indifferenter
402 3511 583 3572 introductae
602 3521 665 3570 sunt
688 3530 705 3568 a
729 3507 853 3568 diabolo.
880 3507 945 3566 Fr'n.
966 3517 1026 3565 art.
1048 3505 1139 3564 Wr‘cl.

202 3597 336 3676 ldemque
364 3597 485 3658 loannes
512 3596 636 3657 Wiclell
659 3595 749 3655 libros
773 3593 916 3674 dialogum
939 3602 970 3650 et
987 3591 1140 3668 trialogum
1206 3660 1209 3666 Ι

112 3685 275 3764 peripsum
294 3687 468 3755 nominatos,
497 3692 526 3742 et
552 3683 658 3764 plures·
672 3681 744 3742 alios
767 3690 921 3748 tractatus,
945 3678 1090 3736 volumina
1110 3683 1141 3735 et

114 3770 254 3848 opuscula
277 3771 450 3848 composuit,
476 3769 505 3828 in
536 3767 636 3848 quibus
664 3763 859 3848 praescriptos
874 3775 917 3824 set
943 3764 1039 3842 plures
1067 3762 1141 3820 alios

115 3852 292 3914 damnabiles
307 3857 427 3914 inseruit
441 3865 470 3913 et
485 3852 687 3932 dogmatizavit
701 3854 838 3936 articulos
853 3863 910 3912 etc.
925 3848 1032 3910 Rursus
1046 3848 1090 3905 his
1104 3843 1141 3904 ad
