2648 4336
379 224 506 280 DAMN.
524 226 611 280 SYN.
632 227 797 282 rtst'ott.
1027 191 1114 294 OS&

79 367 180 439 licita,
209 349 282 445 puae
306 357 361 425 non
384 366 604 446 reprehenditur
640 368 690 448 (ex
713 367 744 427 S.
767 367 843 447 Aug.
866 389 951 431 serm·
975 376 1048 438 319.
1072 373 1109 435 de

77 453 168 512 carit.
190 450 258 512 edit.
277 449 504 526 lllaur.)nFalsa,
524 455 601 512 olias
618 455 767 514 damnata.

414 607 466 669 De
488 607 612 666 timore
636 607 770 666 servili.

478 725 518 772 De
533 728 630 788 poenit.
650 723 675 793 §
693 733 717 777 ³.

98 869 104 876 ,
170 827 263 887 XXV.
288 830 436 906 Doctrina,
458 848 530 911 quae
549 837 678 894 timorem
697 856 853 920 poenorum
869 837 1027 918 generatim
1043 857 1111 918 per·

77 917 177 991 lnibet,
201 917 336 978 duntaxat
354 939 410 976 non
428 939 512 998 posse
532 919 589 980 dici
607 923 724 992 malum,
747 928 770 981 si
789 923 889 982 saltem
912 924 1051 1003 pertingit
1073 924 1110 984 ad
1209 913 1212 920 ¹

80 1004 275 1064 cohibendam
290 1023 410 1075 manum,
424 1039 466 1050 -
485 1008 565 1085 quasi
583 1009 670 1066 timor
685 1009 746 1086 ipse
765 1008 922 1086 gehennae,
942 1027 1024 1088 quam
1039 1008 1110 1068 lidos

78 1091 175 1150 donet
192 1100 315 1170 peceato
334 1090 526 1167 infligendam,
546 1111 600 1150 non
620 1095 657 1151 sit
675 1092 703 1150 in
722 1112 753 1152 se
771 1093 862 1152 honus
881 1105 910 1154 et
927 1095 1013 1166 utilis,
1032 1095 1124 1155 velut·

79 1175 191 1234 donum
215 1177 444 1253 supernaturale,
467 1197 502 1236 ac
526 1188 617 1236 motus
639 1199 655 1235 a
676 1177 738 1236 Deo
761 1180 913 1256 inspiratus
935 1198 1110 1259 praeparans

80 1261 121 1320 ad
144 1280 271 1320 amorem
298 1263 439 1320 iustitiam
462 1263 565 1333 Falsa,
594 1265 767 1333 temeraria,
790 1266 975 1340 perniciosa,
1004 1267 1111 1326 deint'ntls

80 1349 173 1406 dont's
195 1349 355 1419 iniuriosa,
381 1348 458 1407 alias
475 1350 624 1419 damnata,
644 1351 798 1408 contraria
817 1350 972 1408 duracinae
991 1352 1115 1410 oonct'lt’t'

82 1433 269 1503 Tridentini,
298 1441 356 1492 tum
379 1442 413 1493 et
432 1436 577 1492 commoni
596 1434 715 1492 Potrnm
742 1436 921 1504 sententiae,
950 1454 1022 1512 opas
1049 1455 1111 1495 esse

79 1521 173 1577 iaxta
193 1529 360 1577 consuetum
379 1520 509 1578 ordinem
525 1520 769 1598 praeparationis
786 1521 995 1590 adruentiam,
1015 1530 1050 1578 ot
1066 1523 1111 1578 ia·

83 1612 150 1661 troc
172 1604 258 1661 timor
276 1606 388 1681 preire,
412 1623 470 1680 per
491 1624 574 1687 quera
597 1607 701 1664 oenta'at
720 1605 845 1674 coritas,
874 1606 962 1663 ttinor
983 1606 1112 1663 mediea-
1124 1644 1163 1686 ω

80 1697 228 1759 mentam,
256 1691 369 1747 auritos
389 1691 512 1748 saunitas.
542 1696 589 1761 (ex
614 1685 645 1747 S.
667 1687 743 1766 Aug.
768 1689 796 1746 in
819 1688 902 1767 epist.
923 1687 1001 1747 loan.
1026 1709 1051 1747 e.
1080 1693 1109 1751 l.

82 1782 174 1830 treet.
193 1777 222 1835 9.
247 1792 274 1830 n.
294 1779 323 1834 l.
348 1779 377 1836 5.
401 1807 441 1817 -
468 1774 500 1832 ln
523 1774 602 1832 loon.
627 1792 729 1850 evang.
754 1782 838 1832 tract.
863 1779 914 1835 41.
938 1793 964 1833 ιι.
992 1778 1041 1837 10.
1071 1809 1109 1820 -

82 1858 278 1916 Enarratione
297 1859 325 1916 iu
344 1859 415 1937 psal.
442 1865 511 1922 127.
536 1879 563 1917 n.
589 1864 617 1922 7.
637 1856 837 1917 -Sermone
862 1863 933 1921 157.
957 1858 993 1918 de
1016 1859 1111 1918 verbis

83 1942 221 2020 Apostoli
239 1962 265 2000 o.
287 1948 336 2006 13.
357 1977 394 1990 -
415 1942 555 2003 Sermone
575 1948 646 2007 161.
665 1942 701 2002 de
719 1943 814 2003 verbis
827 1941 961 2021 Apostoli
979 1963 1008 2001 ιι.
1027 1949 1057 2006 8.
1071 1959 1112 1990 -“

81 2026 228 2086 Sermone
247 2032 318 2092 349.
338 2027 373 2087 de
393 2031 513 2088 caritate
531 2050 560 2088 n.
579 2034 622 2098 7.)

178 2182 225 2242 Ile
248 2202 358 2261 poena
381 2182 624 2243 decedentium
647 2203 720 2244 eum
742 2183 818 2242 solo
842 2183 1018 2260 originali.

493 2304 535 2351 oe
551 2306 621 2365 repr.
639 2299 665 2368 §.
682 2305 707 2351 s.

174 2405 279 2466 XXVl¹
299 2405 475 2476 Doctrinam‚
496 2427 568 2486 quae
586 2407 664 2466 velut
681 2406 803 2465 fabulam
818 2404 1000 2484 Pelagiannm
1013 2404 1113 2483 explo-

84 2493 130 2552 dit
145 2491 238 2550 loonm
254 2489 331 2550 illum
347 2493 512 2562 inferorum,
531 2499 624 2571 (quem
640 2491 715 2550 limbi
727 2509 878 2570 puerorum
888 2491 1001 2548 nomine
1014 2488 1113 2548 lideles

84 2578 192 2656 passim
215 2574 393 2653 designant‚)
418 2578 446 2634 io
470 2596 524 2655 quo
544 2578 654 2635 animae
674 2574 873 2635 decedentium
894 2595 956 2634 cum
975 2575 1036 2634 sola
1056 2575 1114 2633 ori-

85 2661 177 2740 ginali
201 2663 283 2740 culpa
306 2679 400 2740 poena
423 2660 516 2721 damni
542 2664 614 2720 citra
637 2680 758 2740 poenam
781 2661 856 2738 ignis
878 2662 1043 2740 puniantur,
1071 2694 1114 2704 -

84 2745 208 2826 perinde
227 2765 261 2804 ac
280 2749 303 2805 si
322 2747 377 2806 hoc
397 2749 469 2826 ipso,
485 2745 560 2825 quod
579 2748 626 2823 qui
644 2764 765 2823 poenam
779 2747 855 2823 ignis
869 2756 1017 2805 removent
1032 2744 1114 2804 indu·

87 2841 191 2890 oereut
209 2831 301 2889 lucum
320 2833 396 2891 illum
416 2842 446 2891 et
463 2843 566 2891 statum
584 2829 705 2888 medium
725 2840 872 2909 expertem
886 2830 987 2908 cnlpae
1002 2839 1032 2886 et
1044 2847 1114 2906 poe·

86 2935 144 2974 uae
163 2918 373 2993 interregnum
393 2916 446 2975 Dei
469 2925 499 2974 et
522 2915 730 2974 damnationem
754 2924 913 2984 aeternam,
938 2913 1048 2991 qualem
1072 2912 1115 2970 la·

84 3000 260 3060 bulalnantur
281 2999 444 3080 Pelagiaui:
468 3003 569 3075 Falsa,
595 3001 767 3070 temeraria,
796 3001 826 3057 ia
849 2998 966 3056 sciolas
989 2997 1115 3056 catholi-

85 3105 139 3146 cas
158 3105 312 3146 araneoso.

87 3254 136 3314 Do
161 3258 405 3329 sacramentis,
434 3277 472 3316 aa
496 3259 635 3336 primum
663 3254 702 3314 de
730 3256 839 3314 lorma
866 3253 1116 3313 sacramentali

355 3361 425 3401 eum
449 3340 612 3402 adiuncta
636 3339 848 3400 conditione⁸

484 3462 527 3512 De
543 3463 614 3522 bapt.
631 3458 658 3526 d.
676 3463 716 3510 12.

173 3581 294 3643 XXVII.
318 3582 496 3642 Deliberalio
514 3577 627 3658 synodi,
646 3597 700 3658 qua
718 3588 869 3658 praetextu
883 3575 1065 3636 adhaesionis
1079 3573 1115 3635 ad

86 3669 221 3746 antiquos
244 3686 370 3728 canones
393 3669 422 3727 in
445 3685 514 3727 casu
537 3664 615 3724 dubii
637 3665 815 3744 baptismatis
836 3663 1012 3742 propositum
1035 3679 1114 3720 suom

85 3752 218 3814 declarat
236 3751 272 3812 de
291 3751 447 3815 omittenda
470 3753 580 3812 formae
604 3748 805 3810 conditionalis
827 3747 986 3808 mentione:
1015 3747 1115 3808 Perne-

85 3840 186 3908 rorio,
204 3842 310 3915 praei,
331 3842 405 3916 legi,
425 3839 602 3898 auctoritati
617 3836 760 3896 eeclesiae
778 3836 942 3894 contrario.

139 3933 229 3978 conc.
248 3935 404 3978 catonus.
900 3922 941 3982 20
