2654 4330
243 225 407 332 snssro
433 225 536 286 xxut.
567 228 631 286 nn
656 192 937 288 nereensem
1019 233 1113 296 nor

81 382 108 433 et
123 371 172 442 iis,
191 387 265 448 qnae
282 365 319 428 ad
338 365 468 430 ordinem
486 367 679 432 exercendum
696 371 855 450 pertinent,
874 371 1016 434 instructi.
1045 370 1100 446 bnt
1176 379 1181 386 ’

82 465 192 537 sperem
213 453 278 514 Deo
295 463 416 514 auctore
438 473 470 515 se
494 456 644 516 continere
667 457 807 535 posse1),
827 457 976 530 ecclesiis,
999 457 1100 537 quibus

81 540 290 611 adscribentur,
308 540 482 613 inserviant,
502 540 652 620 sciantque
670 541 791 602 maxims
810 539 934 614 desere,
955 542 981 602 si
997 543 1101 606 saltem

82 626 177 688 diebm
201 625 354 688 dominicis
381 636 413 686 et
436 626 617 700 solennibus,
645 647 728 706 quum
755 627 839 688 altari
867 628 1100 703 ministraverint,
1170 625 1172 630 ’

81 731 185 773 samm
208 711 436 774 communionem
458 712 653 793 perceperint.
697 711 826 774 Pronob'
848 711 884 773 ed
903 726 1016 774 sacrum
1032 714 1101 776 snb·

82 796 244 858 dinennmm
263 795 407 868 ordinem,
426 797 450 858 si
468 817 642 876 perannum
659 798 763 858 saltem
784 799 814 858 in
830 818 870 860 ee
886 801 1019 860 senciat
1034 819 1102 862 rer·

82 885 183 958 sati2),
201 882 240 943 ad
258 883 391 943 altiorem
408 882 542 961 gudurm,
560 885 615 943 nisi
632 883 710 944 eliud
726 885 867 964 episcopo
884 883 1031 958 rideatur,
1049 883 1102 946 ad·

81 967 214 1030 secedere
236 989 299 1028 nen
319 969 528 1048 permittantur.
582 969 646 1029 llno
668 970 746 1031 sacri
769 968 886 1030 ordines
913 989 971 1032 nou
997 969 1100 1034 eodem

81 1053 136 1126 die,
158 1055 246 1114 etiam
268 1054 462 1133 regularibus,
482 1055 722 1130 conferantur⁸)3
745 1054 904 1135 privilegiis
926 1076 961 1116 eo
984 1055 1103 1117 indultis

82 1139 217 1218 quibusvis
238 1141 386 1204 concessis
405 1159 462 1200 nou
481 1140 658 1201 obstantibus
677 1138 899 1222 quibuscunque.

83 1278 179 1328 HN.
211 1278 325 1338 Quinem
339 1277 376 1324 ed
384 1255 597 1340 presbyteralem
613 1278 778 1339 nessmsiir
796 1285 987 1341 asu-ptum
1001 1291 1101 1331 menes.

160 1363 215 1438 Qui
232 1363 282 1444 pic
301 1373 332 1423 et
349 1360 475 1422 fideliter
492 1364 521 1422 in
539 1363 704 1424 ministeriis
721 1374 788 1424 nate
806 1365 880 1424 actis
898 1383 929 1424 se
948 1363 1101 1442 gesserint,

85 1459 110 1508 et
124 1447 158 1508 ad
175 1449 395 1529 presbyteratus
413 1447 542 1508 ordinem
562 1458 750 1521 assumuntur,
772 1449 877 1510 bunum
886 1449 1013 1511 babeant
1021 1451 1103 1509 testi·

84 1536 251 1610 moninus),
276 1545 308 1594 et
328 1535 359 1594 bi
381 1533 458 1606 sint,
471 1535 518 1612 qni
540 1553 598 1593 non
621 1533 706 1594 modu
729 1537 758 1594 in
776 1532 931 1595 diaconatu
954 1535 991 1595 nd
1010 1536 1101 1595 mirans

85 1639 175 1679 aarum
193 1622 355 1699 integrum,
378 1620 432 1678 nisi
451 1620 487 1678 ob
503 1619 658 1682 ecclesiae
673 1621 826 1680 utilitatem
843 1639 879 1681 ee
898 1621 1101 1680 necessitatem
1114 1632 1154 1675 not

84 1705 151 1766 aliud
170 1708 310 1786 episeopo
328 1703 485 1777 videretur,
504 1706 737 1778 ministraverint,
755 1703 808 1765 sed
825 1703 1102 1786 etiamadpopnlum

85 1787 232 1852 docendum
253 1811 303 1863 ea,
323 1810 396 1871 quae
413 1791 496 1850 scire
509 1791 637 1852 omnibus
655 1792 848 1852 necessarium
866 1790 965 1852 estad
983 1791 1103 1854 salutern
1134 1799 1136 1802 ’

85 1894 115 1934 ac
129 1875 354 1938 administranda
375 1886 569 1948 sacramenta,
596 1875 728 1956 diligenti
752 1877 883 1938 examine
905 1876 1102 1956 praecedente

85 1959 171 2023 idonei
189 1962 425 2044 comprobentur,
442 1973 528 2043 atque
547 1963 588 2022 ita
605 1963 714 2044 pietate
731 1982 767 2022 ac
786 1962 873 2022 castis
891 1962 1018 2023 moribus
1032 1982 1103 2022 eon-

85 2047 179 2124 spicni,
205 2060 238 2108 nt
258 2049 447 2128 praeclarum
472 2049 613 2108 bonorum
640 2067 757 2128 operum
780 2047 941 2127 exemplum
968 2057 1000 2109 et
1024 2049 1102 2109 vitae

86 2135 182 2193 nonita
202 2135 239 2194 ab
261 2136 304 2194 eis
321 2137 434 2213 possint
450 2135 624 2214 exspectari.
669 2133 759 2194 Curet
775 2135 938 2216 episeopus,
955 2142 989 2194 ut
1005 2135 1027 2194 ii
1045 2134 1102 2194 sel·

86 2225 135 2278 tem
160 2219 263 2281 diebus
289 2219 439 2280 dominicis
465 2231 497 2280 et
522 2221 604 2280 lestis
630 2219 808 2292 solennibus,
835 2221 860 2280 si
886 2225 981 2281 antem
1005 2237 1102 2282 curam
1150 2263 1153 2268 -

86 2301 227 2366 habuerint
247 2307 420 2377 auimatum,
443 2317 500 2364 mm
523 2307 706 2385 frequenter,
728 2316 832 2366 nt'suo
856 2307 966 2366 muneri
987 2307 1103 2366 salisia-

88 2388 167 2462 elant,
186 2393 288 2452 missas
307 2392 465 2452 celebrent.
512 2390 582 2451 Cam
600 2392 739 2470 promotis
757 2410 812 2470 per
827 2392 983 2468 saltu-⁵),
1002 2392 1027 2451 si
1045 2411 1102 2450 non

88 2475 313 2550 ministraverint,
336 2478 489 2557 episcopus
507 2496 544 2537 cx
560 2477 691 2555 legitima
709 2496 796 2536 cansa
813 2478 905 2556 possit
922 2471 1101 2557 dispensare.
1128 2535 1131 2540 .

88 2609 110 2656 ὓ.
126 2611 177 2662 XV.
212 2615 308 2664 Nullus
325 2615 500 2679 confessiones
522 2614 634 2675 nubat,
659 2615 712 2663 eriri
727 2615 761 2662 ab
778 2613 913 2663 ordinario
932 2615 1101 2678 approbatur.

164 2697 296 2772 Quamvis
313 2698 478 2779 presbyteri
497 2699 525 2758 in
548 2719 599 2759 sua
617 2695 799 2759 ordinatione
823 2719 839 2758 a
857 2702 987 2779 peccatis
1006 2700 1103 2762 absol·

89 2779 163 2840 veudi
192 2795 365 2864 potestatem
392 2785 550 2864 accipiant,
578 2782 711 2845 decernit
732 2795 827 2846 mareu
846 2785 1101 2866 sanctasynodus,

89 2865 192 2941 nullum,
202 2871 288 2930 etiam
303 2869 476 2948 regularem,
487 2890 572 2952 posse
589 2871 786 2930 confessiones
797 2869 998 2943 saecularium,
1014 2871 1102 2930 etiam
1205 2907 1215 2920 κ

89 2951 273 3028 sacerdotum,
292 2953 403 3027 audire,
423 2975 477 3016 uec
499 2955 536 3015 ad
554 2954 584 3015 id
602 2954 734 3015 idoneum
753 2955 892 3034 reputari,
910 2955 965 3016 nisi
983 2965 1033 3022 aut
1050 2976 1101 3036 pn-

90 3036 206 3100 rocbiale
224 3042 410 3112 beneficium,
434 3051 485 3100 aut
501 3041 538 3101 ab
557 3041 701 3122 episeopis
718 3060 772 3120 per
789 3059 923 3112 examen,
943 3041 967 3100 si
985 3041 1042 3100 illis
1060 3042 1103 3101 vi·
1199 3103 1206 3112 ,
1259 3099 1267 3106 .

91 3114 193 3182 debitur
205 3127 482 3198 esseneeesssrium,
502 3137 553 3186 aut
569 3129 640 3186 alias
656 3125 778 3186 idoneus
790 3125 983 3201 iudicetur⁶),
1003 3134 1105 3206 etap-

91 3205 289 3285 probatiouem,
314 3231 386 3292 quae
403 3213 495 3290 gratis
518 3211 616 3284 detur,
636 3212 778 3286 obtineat3
802 3211 961 3294 privilegiis
983 3221 1014 3270 et
1031 3231 1102 3272 con·

91 3292 226 3356 suetudine
245 3317 422 3379 quacunque,
443 3299 527 3358 etiam
546 3299 771 3367 immemorabili,
790 3318 847 3358 uon
866 3295 1053 3357 obstantibus.

162 3432 188 3480 G.
205 3433 272 3484 xvl.
307 3413 439 3485 Arcesius·
455 3438 489 3486 nb
507 3436 638 3484 ordmeri
655 3437 769 3486 eeclesiis
783 3437 888 3486 inutiles
905 3441 934 3484 ot
949 3437 1018 3500 vagi.

168 3515 254 3588 Quum
280 3521 373 3581 nullus
399 3520 506 3581 debeat
531 3520 673 3594 ordinari,
702 3523 750 3601 qui
775 3519 883 3580 iudicio
910 3522 955 3592 sui
973 3523 1153 3602 episcopias

93 3609 142 3654 non
158 3601 195 3691 sit
214 3607 290 3666 utilis
313 3617 363 3668 aut
384 3609 564 3669 necessarius
587 3609 644 3667 suis
668 3607 814 3681 eeclesiis,
841 3616 942 3668 saneta
964 3606 1102 3688 synodus,

94 3697 290 3730 Q

94 3741 317 3844 Uisnidmu'
344 3754 840 3852 licie.t.1t.XXV111.qtireg.1.)-
872 3759 941 3822 ‘nnn
972 3759 1104 3801 ,ιιι-ι
1182 3775 1186 3782 ’

95 3789 1103 3940 pqptvrlldell‘Pltllllfall'lllrlllstabilitis„lactei·

165 3913 176 3942 ⁰
185 3903 212 3948 V·
222 3910 253 3950 ¹⁰.
264 3909 349 3964 (bonif.
359 3910 439 3966 vltl.)
450 3910 523 3956 Cleru.
533 3915 554 3954 2
564 3913 593 3955 tle
603 3910 690 3969 sepult.
701 3910 748 3955 ΙΙΙ.
758 3914 778 3955 ἵ,
790 3910 876 3966 (Beati.
888 3909 966 3964 vlit.)
