2654 4330
220 249 298 306 nos
422 219 689 318 snssroxxrv.
723 195 1040 300 nnhuroruusr.
1127 250 1134 260 ·

220 387 297 448 lates
316 389 545 466 quascunque¹),
562 385 668 466 quihus
686 391 841 450 animarum
861 406 928 446 cura
948 386 1053 457 subest,
1074 407 1245 466 promovea-

222 485 277 545 tur,
297 474 350 532 nisi
370 474 416 553 qui
439 475 538 532 saltem
557 493 622 536 xxv.
647 496 714 536 suae
737 478 840 536 aetatis
863 490 964 530 annum
991 474 1133 550 attigerit,
1154 483 1197 544 et,
1216 476 1243 533 in

221 559 352 618 clericali
372 558 473 619 ordine
491 571 634 634 versatus,
663 560 795 621 doctrina
817 559 853 620 ad
872 576 950 615 snum
969 577 1067 616 monus
1087 577 1242 636 exsequen-

219 643 286 702 dum
305 645 470 704 necessaria
488 664 523 703 ac
541 664 650 706 morum
668 648 834 726 integritate
845 641 1068 713 commendetur,
1087 643 1167 701 iuxta
1178 664 1243 702 con·

221 731 396 788 stitutionem
415 728 573 789 Alexandri
592 733 670 791 tertii
688 733 716 791 in
736 731 860 790 concilio
876 726 1065 787 Lateranensi
1082 729 1243 806 promulga-

218 826 277 874 tam
287 815 331 886 ²),
356 832 427 892 quae
456 814 570 892 incipit:
596 821 687 894 Quum
706 818 737 876 in
756 819 878 875 cunctis.
922 810 1130 872 Archidiaconi
1150 817 1242 884 etiam,

219 901 269 978 qui
293 898 368 957 oculi
392 897 525 957 dicuntur
547 901 729 981 episcopit),
758 902 860 960 sintin
880 897 1007 956 omnihus
1027 899 1175 970 ecelesiis,
1198 899 1242 956 uhi

184 997 188 1002 '
221 985 284 1043 lieri
303 985 419 1063 poterit,
439 985 567 1061 magistri
585 988 614 1044 in
633 987 794 1064 theologia,
814 1005 864 1046 seu
883 981 1018 1043 doctores
1037 991 1086 1042 aut
1104 983 1244 1042 licentiati

221 1072 250 1127 in
268 1071 330 1127 iure
355 1070 505 1127 canonico.
549 1068 596 1129 Ad
620 1083 732 1131 ceteras
755 1082 849 1130 autern
872 1069 1026 1144 dignitates
1042 1069 1089 1128 vel
1107 1087 1245 1146 persona-

186 1191 188 1196 ,
220 1163 279 1224 tus,
299 1154 399 1231 quibus
418 1155 573 1213 animarum
593 1175 662 1215 cura
680 1157 755 1215 nulla
774 1156 880 1227 suhest,
902 1152 1001 1212 cleriei
1011 1153 1138 1232 alioquin
1150 1152 1244 1212 idonei
1312 1201 1316 1239 Ι,

217 1249 251 1298 et
273 1259 343 1296 xxrr.
368 1239 448 1298 aunis
472 1258 528 1297 non
556 1243 681 1302 minores
704 1240 911 1301 adsciscantur.
966 1238 1077 1298 Provisi
1100 1240 1188 1298 etiam
1211 1238 1245 1299 de

219 1323 369 1383 benefieiis
388 1324 599 1404 quibuscunque
619 1347 715 1386 curam
738 1327 893 1386 animarum
911 1323 1080 1384 habentibus
1094 1334 1246 1384 teneantur

219 1429 238 1467 a
256 1409 302 1468 die
322 1408 444 1488 adeptae
454 1413 643 1488 possessionis
661 1411 698 1471 ad
716 1413 806 1471 minus
825 1413 900 1470 intra
918 1408 989 1469 duos
1008 1428 1120 1470 menses
1140 1411 1169 1469 in
1187 1430 1245 1469 ma·

219 1495 303 1553 nibus
324 1495 413 1574 ipsius
436 1496 583 1575 episcopi,
610 1497 656 1556 vel
683 1517 719 1558 eo
747 1496 883 1577 impedito
908 1515 1004 1554 coram
1027 1495 1159 1573 generali
1186 1498 1244 1556 eius

219 1580 329 1639 vicario
357 1599 409 1639 seu
436 1579 564 1653 officiali,
592 1582 771 1642 orthodoxae
799 1602 867 1642 suae
895 1579 963 1640 lidei
985 1581 1127 1660 publicam
1147 1582 1242 1641 lacere
1311 1581 1316 1612 ‘¹

219 1666 438 1745 professionem,
458 1677 488 1724 et
505 1666 534 1724 in
553 1668 696 1728 ecelesiae
715 1668 860 1727 Romanae
880 1664 1046 1727 ohedientia
1063 1685 1094 1725 se
1113 1684 1242 1746 perman·

220 1770 303 1810 suros
321 1749 480 1831 spondeant
498 1770 533 1810 ac
552 1752 647 1812 iurent
655 1755 694 1830 ⁴).
740 1752 850 1813 Provisi
868 1762 961 1813 autem
981 1749 1016 1809 de
1028 1753 1242 1810 canonicatibus

193 1846 250 1895 ›et
277 1834 461 1916 dignitatibus
488 1838 517 1895 in
536 1839 668 1898 ecclesiis
696 1837 917 1910 cathedralibus,
945 1855 1002 1894 non
1028 1835 1119 1894 solum
1148 1856 1241 1896 coram

217 1923 357 2001 episcopo
375 1941 428 1982 seu
446 1923 507 1982 eius
526 1923 654 1996 officiali,
677 1923 730 1986 sed
753 1927 838 1984 etiarn
857 1924 885 1981 in
906 1920 1030 2004 capitulo
1050 1920 1127 1980 idem
1146 1923 1242 1981 facere
1313 1966 1317 1997 ,

218 2018 385 2080 teneantur,
409 2007 535 2087 alioquin
557 2009 701 2088 praedicti
725 2029 823 2068 omnes
844 2009 952 2088 provisi
975 2017 1114 2086 utsupra
1136 2008 1242 2067 fructus

93 2149 97 2166 ‚
219 2113 276 2151 non
298 2094 407 2152 faciant
428 2113 509 2164 suos,
533 2095 666 2169 nec-illis
693 2095 836 2174 possessio
858 2093 1040 2170 suffragetur.
1094 2091 1242 2156 Neminem

126 2237 130 2252 ,
219 2179 306 2236 etiam
324 2155 461 2257 deinceps
479 2175 516 2236 ad
534 2177 712 2257 dignitatem,
733 2181 931 2239 canonicatum
950 2187 999 2236 ant
1015 2179 1180 2257 portionem
1199 2197 1243 2238 re-

220 2262 345 2341 cipiant,
371 2262 424 2321 nisi
448 2264 495 2341 qui
518 2282 553 2323 eo
573 2265 674 2324 ordine
697 2284 781 2324 sacro
806 2275 855 2323 aut
875 2266 913 2323 sit
935 2262 1075 2334 initiatus,
1094 2282 1179 2343 quem
1199 2264 1244 2322 illa
1315 2293 1316 2296 ¹

166 2366 207 2410 tao
220 2346 358 2426 dignitas,
381 2347 547 2427 praebenda
565 2359 615 2409 aut
632 2351 728 2428 portio
747 2351 881 2429 requirit,
901 2359 950 2408 ant
967 2349 996 2406 in
1014 2346 1068 2407 tali
1083 2359 1197 2421 aetate,
1215 2360 1245 2408 ut

219 2435 294 2491 inira
311 2443 422 2511 tempus
445 2435 543 2492 aiure
562 2445 592 2492 et
609 2433 645 2493 ab
663 2436 718 2493 hac
736 2445 837 2494 saneta
854 2433 965 2514 syuodo
984 2443 1118 2492 statutum
1137 2436 1244 2494 initiari

218 2517 314 2576 valeat
327 2519 366 2590 ⁵).
410 2515 443 2576 ln
462 2518 590 2577 omnibus
606 2537 677 2578 vero
697 2519 829 2578 ecclesiis
849 2517 1059 2579 cathedralibus
1078 2539 1178 2579 omnes
1198 2541 1245 2579 ca·

219 2603 368 2661 nonieatus
391 2620 425 2660 ac
444 2602 593 2680 portiones
610 2603 736 2663 habeant
753 2624 893 2666 annexum
912 2603 1040 2664 ordinem
1058 2605 1244 2684 presbyterii,

218 2687 388 2745 diaconatus
409 2687 456 2746 vel
473 2686 710 2763 subdiaconatum
738 2692 891 2770 episcopus
917 2700 1011 2749 autem
1035 2709 1097 2748 cum
1122 2691 1244 2749 consilio

220 2772 337 2852 capituli
356 2771 488 2850 designet
505 2793 540 2832 ac
559 2772 724 2847 distribuat,
742 2787 829 2856 prout
845 2775 952 2834 viderit
969 2773 1122 2853 expedire,
1143 2775 1244 2854 quibus

115 2863 122 2866 “
220 2859 337 2937 quisque
357 2856 429 2917 ordo
449 2878 486 2918 ex
503 2860 594 2918 sacris
613 2880 739 2920 annexus
757 2862 950 2940 inposterum
974 2878 1039 2919 esse
1058 2858 1182 2934 dehent3
1205 2863 1245 2920 ita

217 2956 323 3015 manen,
342 2954 374 3003 nt
392 2942 508 3003 dimidia
526 2946 625 3004 saltem
644 2966 710 3025 pars
728 2947 891 3026 presbyteri
908 2947 973 3017 sint,
994 2947 1085 3004 ceteri
1101 2964 1172 3006 vero
1184 2945 1245 3005 dia·

137 3055 140 3060 ·
217 3031 285 3088 coni
304 3039 353 3088 aut
369 3027 547 3089 subdiaconi.
594 3029 648 3090 Uhi
664 3050 735 3091 vero
755 3030 930 3092 consuetudo
950 3028 1122 3091 laudabilior
1146 3031 1243 3100 habet,

134 3167 141 3176 ,
218 3126 249 3173 ut
267 3114 363 3194 plures
380 3116 426 3175 vel
445 3135 543 3176 omnes
561 3117 619 3175 sint
636 3116 807 3197 presbyteri,
827 3117 940 3176 omnino
952 3117 1130 3176 observetur.
1169 3115 1244 3176 Hor·

217 3211 296 3258 tatur
314 3202 398 3259 etiam
418 3201 675 3280 sanctasynodus,
694 3204 770 3262 utin
789 3203 959 3281 provinciis,
978 3202 1027 3261 ubi
1044 3199 1074 3260 id
1093 3201 1244 3262 commode

218 3285 282 3344 fieri
300 3295 405 3364 potest,
424 3284 579 3364 dignitates
598 3305 710 3359 omnes,
738 3298 769 3347 et
785 3289 885 3346 saltem
904 3286 1021 3346 dimidia
1038 3303 1106 3364 pars
1125 3289 1244 3348 canoni·

216 3382 331 3430 catuum
349 3372 378 3429 in
398 3370 610 3430 cathedralibus
629 3373 762 3432 ecclesiis
780 3383 811 3431 et
828 3371 990 3451 collegiatis
1005 3372 1164 3449 insignibus
1174 3391 1244 3432 con-

216 3457 347 3514 lerautur
364 3466 472 3515 tantum
491 3458 635 3535 magistris
650 3459 696 3518 vel
716 3456 895 3530 doctoribus,
915 3459 1066 3518 autetiam
1086 3457 1243 3516 licentiatis

217 3540 247 3598 in
274 3541 421 3618 theologia
446 3543 493 3601 vel
520 3544 582 3601 iure
609 3544 760 3602 canonico.
810 3543 966 3604 Praeterea
994 3541 1189 3602 obtinentibus
1215 3543 1243 3599 in

217 3651 430 3664 α-ι--ιι-ηυι

271 3703 349 3748 Seu.
362 3704 455 3768 XXIV.
483 3708 505 3758 t)
519 3705 549 3750 ef.
564 3701 635 3752 Sern'
644 3705 727 3772 XXII.
741 3708 770 3750 de
780 3707 825 3752 roi.
836 3722 856 3751 e.
867 3711 887 3751 2.
902 3703 1042 3772 -²l⁰f·⁰·l·
1055 3705 1087 3770 X.
1097 3707 1126 3750 de
1137 3706 1208 3751 elect.
1222 3705 1243 3750 l.

217 3758 238 3798 o.
254 3761 278 3798 et
292 3755 347 3799 lafr.
362 3759 425 3797 inter
439 3762 514 3799 const.
529 3770 560 3800 ex
574 3771 602 3801 an
661 3771 713 3802 rure
723 3759 837 3816 derumpt.
852 3771 896 3816 per
909 3771 974 3800 eone.
989 3758 1058 3800 Trrd.
1072 3763 1204 3801 innovatur.
1217 3779 1244 3792 -

217 3809 240 3858 8)
250 3806 280 3850 el.
291 3819 311 3848 e.
318 3810 341 3872 J.
351 3805 422 3870 X.·tle
432 3805 473 3849 off.
483 3807 571 3850 archid.
581 3763 648 3874 qu,
659 3808 748 3860 (Iunco.
758 3809 816 3864 ΠΙ.)
825 3833 866 3854 -.
875 3812 897 3861 l)
912 3807 942 3852 ei.
953 3807 1010 3851 uult.
1020 3807 1059 3852 Pii
1068 3807 1109 3851 IV.
1126 3809 1155 3851 ln
1165 3821 1243 3852 nero-

53 3945 58 3952 .
109 3911 111 3916 Α
217 3855 751 3963 issss‘iississ}¹f{{{.⁶f,23⁰2'9¹⁰,T2¹¹'¹''⁹⁶⁰³'
774 3883 791 3893 ·
817 3863 839 3914 ⁵)
853 3859 884 3905 ef.
900 3859 965 3902 Sera.
979 3859 1034 3903 vn.
1046 3860 1074 3902 de
1087 3859 1244 3902 referant

6 2425 90 2466 ’,κ
