2654 4330
177 187 180 194 '
246 202 410 260 suasio
436 203 511 258 xuv.
546 203 605 258 nn
632 205 905 262 nuncnunc.
1030 210 1086 271 so

78 347 133 407 licio
149 345 222 406 ultra
240 345 460 424 quinquennium
477 343 605 423 gaudere
628 346 728 424 possit.
772 343 839 406 Non
863 348 949 410 liceat
972 367 1085 430 quoque

78 431 313 492 conservatoribus
330 429 473 490 iudicibus
491 430 576 490 ullum
595 431 703 492 hahere
722 430 845 492 tribunal
869 445 1007 495 erectum.
1053 435 1086 498 ln

78 519 157 577 musis
181 535 251 576 vero
279 515 441 578 mercedum
473 525 523 576 aut
552 518 754 578 miserabilium
785 537 971 597 personarum
1003 520 1086 582 huius

77 614 179 663 muctae
196 601 300 683 synodi
318 621 405 681 super
426 602 483 661 hoc
506 600 654 662 decretum
668 606 697 678 ¹)
716 606 745 664 in
768 622 820 666 suo
843 605 950 666 robore
972 625 1087 684 permu-

77 699 140 750 neat
183 687 391 748 Universitatus
413 699 507 748 autem
530 689 698 766 generales,
727 709 761 750 ac
786 690 911 768 collegia
933 690 1086 752 doctorum

75 794 117 834 seu
137 774 320 845 scholarium,
349 783 380 832 et
401 775 547 852 regularia
569 774 649 848 loca,
677 794 731 834 nec
755 795 811 836 non
839 776 991 855 hospitalia
1018 787 1086 838 actu

76 860 283 940 hospitalitatem
301 861 460 931 servantia,
480 879 515 918 ac
534 861 762 934 universitatum,
783 861 985 939 collegiorum,
1005 863 1088 923 locu·

76 967 125 1005 rum
150 957 179 1006 et
203 945 385 1025 hospitalium
408 943 569 1006 huiusmodi
591 964 732 1023 personae
756 949 953 1027 inpraesenti
975 967 1087 1010 canone

75 1034 175 1092 minime
206 1031 448 1110 comprehensae,
484 1029 536 1090 sed
563 1041 714 1110 exemptae
742 1034 856 1092 omnino
884 1035 941 1094 sint
966 1045 996 1094 et
1022 1053 1086 1096 esse

75 1118 267 1197 intelligantur.

75 1259 97 1304 c.
106 1259 141 1305 Vl.
174 1255 264 1304 Poena
277 1255 426 1303 decernitur
438 1256 466 1302 s'n
482 1255 603 1316 elericos,
623 1257 703 1317 quiin
713 1259 798 1305 sacris
807 1257 1087 1306 cruentatinutbene-

147 1324 399 1389 fieiaepoero'dentee,
418 1323 558 1372 ordiniano
568 1331 724 1386 congruente
734 1331 804 1373 necte
813 1339 865 1374 non
873 1331 993 1377 utuntur.

147 1412 216 1486 Quia
233 1429 320 1481 vero,
349 1410 403 1469 etsi
421 1409 537 1468 habitus
548 1411 577 1483 ²)
598 1429 655 1468 non
673 1409 744 1468 facit
763 1411 947 1483 monachum,
972 1421 1089 1491 oportet

74 1507 155 1558 nmen
173 1498 300 1558 clericus
317 1505 413 1554 vestes
431 1496 549 1572 proprio
569 1505 763 1573 congruentes
782 1493 876 1553 ordini
899 1516 1014 1576 semper
1036 1496 1089 1557 de·

75 1583 153 1655 ierne,
170 1594 200 1642 nt
216 1601 273 1662 per
291 1579 452 1641 decentiam
471 1580 585 1640 habitus
604 1580 760 1640 extrinseci
780 1598 888 1640 unorum
907 1581 1087 1642 honestatem

74 1665 241 1728 intrinsecam
266 1663 435 1739 ostendant3
463 1675 544 1726 tanta
567 1676 662 1725 autern
685 1665 772 1725 hodie
791 1665 950 1744 aliquorum
969 1668 1090 1728 inolevit

76 1756 205 1817 teneritas
218 1753 426 1831 religionisque
446 1762 640 1831 contemptus,
658 1763 690 1810 ut
707 1753 852 1832 propriam
871 1751 1039 1830 dignitatem
1059 1763 1090 1814 et

75 1839 196 1900 honorem
219 1837 387 1900 clericalem
409 1839 491 1916 parvi
508 1837 667 1916 pendentes
684 1848 781 1897 vestes
799 1836 886 1895 etiam
903 1837 1018 1918 publice
1038 1837 1089 1898 de·

76 1924 156 1985 lerant
177 1926 311 1994 laicales,
339 1921 429 2002 pedes
451 1925 481 1984 in
499 1921 620 1982 diversis
638 1933 795 2002 ponentes,
823 1941 909 1981 uuum
927 1925 956 1981 in
975 1921 1088 1996 divinis,

73 2011 178 2072 alterum
205 2014 234 2070 in
263 2009 441 2070 carnalibus:
468 2019 624 2089 propterea
651 2027 750 2068 omnes
777 2007 995 2072 ecclesiasticae
1023 2028 1091 2090 per·
1187 2025 1194 2034 ’

75 2113 148 2157 sonae
174 2108 421 2178 quantumcunque
444 2105 610 2175 exemptae,
639 2113 711 2174 quae
734 2095 835 2154 autin
858 2096 949 2155 sacris
972 2095 1088 2168 inerint,

75 2193 115 2240 aut
133 2183 299 2262 dignitates,
326 2191 512 2261 personatus,
541 2180 636 2241 officia
653 2191 703 2240 aut
719 2180 863 2241 beneficia
881 2181 1088 2262 qualiacunque
1103 2187 1141 2231 ¹⁸²

75 2267 256 2329 ecclesiastica
284 2266 474 2338 obtinuerint,
502 2268 526 2326 si
548 2278 665 2346 postea,
693 2286 775 2347 quarn
798 2264 834 2326 ab
859 2269 997 2348 episcopo
1026 2287 1088 2340 suo,

75 2353 145 2413 ctiam
162 2375 214 2434 per
232 2353 360 2414 edictum
378 2353 537 2432 publicum,
565 2354 666 2412 moniti
684 2353 805 2425 fuerint,
833 2351 984 2414 honestum
1007 2352 1089 2414 habi·

75 2445 121 2496 tum
142 2441 320 2510 clericalem,
348 2438 461 2498 iliorum
485 2437 579 2498 ordini
597 2458 636 2500 ,ac
656 2437 790 2516 dignitati
809 2449 1031 2518 congruentem,
1060 2450 1092 2521 et

75 2522 139 2582 iusta
155 2527 242 2606 ipsius
256 2525 386 2605 episcopi
402 2523 612 2584 ordinationem
628 2535 659 2584 et
672 2521 833 2583 mandatum
849 2545 906 2583 non
921 2525 1088 2599 detulerint,

75 2625 118 2683 per
136 2613 347 2692 suspensionem
374 2609 410 2669 ah
439 2608 587 2670 ordinibus
614 2630 648 2670 ac
677 2609 787 2682 officio,
825 2620 856 2670 et
881 2609 1026 2672 beneficio
1053 2631 1089 2672 ac

75 2693 211 2770 fructibus,
239 2694 382 2757 reditibus
411 2707 441 2755 et
462 2696 699 2776 provenientibus
722 2697 848 2776 ipsorum
870 2695 1088 2769 beneficiorum,

75 2797 120 2838 nec
139 2803 207 2855 non,
234 2785 259 2843 si
282 2782 371 2842 semel
395 2784 523 2862 correpti
547 2781 642 2842 denuo
660 2783 690 2840 in
708 2782 764 2841 hoc
783 2780 972 2862 deliquerint,
1000 2784 1088 2842 etiam

75 2881 117 2944 per
132 2871 317 2946 privationem
337 2865 494 2927 officiorum
513 2878 544 2928 ct
556 2867 763 2928 beneficiorum
779 2867 940 2928 huiusmodi
955 2869 1089 2928 coerceri

75 2955 168 3025 possint
189 2959 219 3014 et
241 2953 382 3025 debeant,
411 2955 645 3016 constitutionem
670 2952 827 3012 Clementis
848 2951 885 3011 V.
910 2953 939 3012 in
963 2954 1088 3014 concilio

74 3031 215 3099 Viennensi
238 3039 359 3112 editam,
388 3059 460 3120 quae
483 3040 586 3120 incipit
598 3041 642 3115 ⁸)c
681 3040 843 3116 Quont'nm,
872 3036 1035 3099 innovando
1058 3047 1090 3098 et
1153 3028 1158 3038 ¹

75 3124 229 3201 ampliando.

88 3258 109 3304 ὓ.
117 3261 166 3314 Vll.
186 3263 486 3314 Voluntaris'lconur'eidne
495 3277 641 3326 nunquam,
659 3264 779 3314 casuales
789 3262 913 3328 quomodo
923 3262 1070 3312 ordinandi.

147 3347 234 3421 Quum
254 3352 338 3410 etiam
358 3353 406 3432 qui
423 3369 476 3429 per
494 3348 661 3412 industriam
677 3348 819 3410 occiderit
833 3351 992 3430 proximum
1007 3367 1087 3410 suum

75 3435 99 3484 ti
113 3449 160 3507 per
175 3433 307 3509 iusidias,
336 3436 372 3497 ab
390 3437 476 3495 altari
494 3436 579 3496 avelli
602 3435 709 3497 debeat
722 3437 766 3511 ⁴),
795 3437 843 3516 qui
866 3455 917 3496 sua
938 3434 1087 3496 voluntate

75 3509 243 3580 homicidium
264 3524 491 3603 perpetrauerit,
520 3523 606 3582 etiam
628 3524 653 3582 si
672 3524 782 3614 crimen
799 3519 829 3581 id
847 3541 902 3582 uec
922 3520 1023 3582 ordine
1042 3523 1086 3580 iu·

75 3653 269 3678 κ*-

118 3731 188 3780 ⁸⁸¹¹·
202 3735 268 3785 XIV·
295 3744 316 3794 ί)
327 3741 358 3786 ei.
369 3739 435 3784 Sese.
445 3737 500 3784 vn.
511 3753 530 3785 e.
542 3731 574 3784 id.
585 3741 614 3784 de
623 3739 668 3783 rei.
682 3762 708 3773 -
725 3742 746 3793 2)
756 3739 827 3783 verbu
836 3738 917 3784 innoc.
928 3736 974 3782 111.
986 3737 1011 3780 in
1021 3749 1041 3781 c.
1051 3739 1084 3780 ut.

75 3772 101 3820 x·
110 3781 135 3826 ‘¹0
144 3787 297 3854 remmam.
308 3797 341 3838 at.
359 3815 385 3826 -
410 3796 432 3845 ὅ)
448 3791 521 3836 clem.
531 3795 551 3836 2.
566 3791 647 3856 mii:
658 3789 745 3835 etham
755 3791 812 3835 cles.
823 3791 869 3836 lu.
880 3795 899 3834 l.
914 3794 938 3834 et
951 3787 1007 3832 inin.
1022 3789 1085 3832 inter

75 3838 473 3944 {3¹¹¹}52¹e²¹qi=iurpeedpaqnpt.lqer
482 3857 547 3888 cone.
559 3842 626 3888 Trici.
641 3849 768 3888 innovetur.
788 3865 814 3878 -
838 3845 861 3886 qq
875 3841 952 3886 ΕΜ,
961 3837 1033 3884 χχι,
1043 3843 1096 3890 qql„

129 3915 134 3928 ·
188 3922 193 3935 ι
218 3924 223 3936 ⁸
258 3927 263 3940 ⁸
329 3912 342 3942 ο
406 3929 411 3941 ι
449 3927 455 3938 n
