2654 4330
270 295 431 360 sessio
456 291 530 350 XIV.
570 295 949 371 Beneuentum„
1029 249 1031 264 *
1060 294 1109 356 81

91 465 136 506 sua
152 435 313 503 temeritate
331 438 454 518 eligunt,
471 433 513 498 ¹et
530 457 713 520 quoscunque
732 438 768 498 ad
786 457 817 498 se
835 439 997 511 venientes,
1021 439 1107 502 ctiam

91 533 112 591 si
123 547 233 590 suorum
249 529 449 608 episcoporum
464 543 514 584 sen
531 525 725 604 praelatorum
744 525 842 584 literas
861 524 1108 587 commendatitias

91 637 141 675 non
158 613 294 684 habeant,
315 611 444 672 clericuli
458 611 629 671 charactere
643 612 795 690 insignire,
815 608 895 670 etad
908 631 1007 672 sacros
1021 614 1107 672 etiam

90 699 296 781 presbyteratus
315 696 431 758 ordines
449 715 621 783 promouere
638 707 835 776 praesumunt3
862 716 918 776 quo
940 699 1107 779 plerumque

91 788 129 858 iit,
146 797 176 845 ut
194 787 285 844 minus
303 781 413 855 idonei,
433 793 464 842 et
481 782 567 844 rudes
586 801 620 842 ac
638 784 746 860 ignari,
766 785 857 863 etqui
872 803 954 844 anuo
970 787 1108 865 episeopo

90 883 212 951 tanquam
231 869 373 929 inhabiles
391 879 422 928 et
438 867 550 947 indigui
568 869 671 928 reiecti
689 870 810 940 fuerint,
838 867 963 928 ordinati
987 889 1041 930 uec
1064 870 1108 930 di·

89 960 146 1015 rina
178 957 270 1016 officia
301 973 459 1035 peragere,
496 973 551 1014 nee
583 955 784 1014 ecclesiastica
815 965 995 1036 sacramento
1026 967 1108 1016 recte

89 1043 195 1104 valeant
211 1044 388 1102 ministrare:
408 1059 491 1100 nemo
510 1041 725 1120 episcoporum,
744 1041 791 1120 qui
809 1040 941 1100 titulares
957 1053 1107 1114 vocantur,

89 1129 167 1188 ctiam
185 1129 209 1186 si
227 1129 256 1186 in
276 1127 342 1187 ioco
361 1127 465 1185 nullius
484 1125 642 1197 dioecesis,
666 1127 752 1186 etiam
770 1136 919 1206 exempto,
945 1129 1107 1207 natalique

90 1216 254 1286 monasterio
285 1213 409 1272 cuiusvis
436 1210 545 1270 ordinis
567 1210 730 1272 resederint
752 1222 802 1271 aut
825 1231 932 1271 moram
956 1215 1107 1284 traxerint,

89 1300 179 1376 vigore
199 1299 328 1370 ‚cuiusvis
350 1297 495 1378 privilegii
518 1297 572 1357 sibi
597 1295 634 1356 de
652 1296 848 1377 promovendo
868 1315 1052 1378 quoscunque
1071 1299 1107 1359 ad
1164 1329 1168 1336 ·

90 1403 115 1443 se
131 1386 278 1445 venientes
294 1403 349 1464 pro
367 1395 497 1462 tempore
521 1384 668 1455 concessi,
695 1384 814 1444 alterius
836 1382 993 1456 subditum,
1021 1386 1108 1445 etiam
1209 1397 1210 1404 ’

89 1479 229 1548 praetexto
252 1470 456 1529 familiaritatis
479 1469 633 1528 continuae
657 1470 910 1529 commensaiitotis
931 1487 1016 1542 suae,
1043 1471 1109 1531 ahs-

90 1573 136 1634 que
153 1559 193 1616 s'ui
211 1557 323 1636 proprii
340 1556 462 1635 praelati
481 1573 619 1634 expresso
639 1573 781 1615 consensu
798 1566 848 1615 aut
865 1557 956 1615 literis
976 1555 1108 1616 dimisso·
1146 1625 1153 1634 ,

90 1642 133 1700 riis
146 1644 171 1716 ¹)
190 1642 226 1702 ad
245 1643 357 1720 aliquos
375 1661 475 1702 sacros
493 1652 543 1700 aut
560 1642 685 1700 minores
704 1641 821 1702 ordines
838 1642 886 1700 vel
903 1643 1022 1720 primam
1041 1653 1107 1702 ton-

90 1745 171 1786 suram
194 1747 366 1808 promovere
394 1729 444 1787 seu
473 1726 607 1786 ordinare
635 1727 739 1787 ualeat.
794 1727 902 1786 Contra
928 1728 1038 1787 facien
1070 1729 1105 1788 ab

90 1815 218 1872 exercitio
237 1814 446 1894 pontificalium
463 1831 519 1892 per
540 1832 657 1883 uanum,
686 1815 784 1873 taliter
805 1833 876 1872 vero
900 1821 1047 1892 promotus
1070 1815 1106 1874 ab

90 1900 265 1963 exsecatione
285 1893 415 1959 ordinum
433 1900 475 1959 sic
494 1908 705 1977 susceptorum,
734 1897 827 1957 donec
846 1916 896 1956 suo
915 1899 1046 1977 praedato
1064 1902 1108 1959 ri-

90 2002 141 2043 sum
158 1987 258 2058 fuerit,
279 1987 341 2064 ipso
360 1987 422 2044 inre
441 1985 499 2044 sint
516 1985 654 2064 suspensi.

105 2123 130 2168 0.,
141 2125 180 2175 tu.
213 2125 359 2186 Episcopus
376 2137 436 2171 soor
455 2124 563 2171 clericor
582 2123 615 2170 ab
632 2123 685 2169 olio
704 2121 771 2168 mole
785 2123 1090 2186 promotos-carpendam

339 2199 441 2252 potest,
460 2195 485 2240 ti
496 2195 580 2239 minor
593 2191 697 2239 idoneor
711 2193 846 2250 repererit.

163 2293 323 2376 Episcopus
352 2315 535 2377 quoscunque
562 2314 629 2354 suos
662 2293 840 2367 clericos2),
876 2296 1046 2372 praesertim
1078 2297 1107 2358 iu

90 2381 170 2440 saeris
190 2383 376 2453 constitutos,
405 2381 511 2464 absque
534 2400 585 2440 suo
609 2378 797 2458 praecedenti
819 2380 951 2441 exaurire
975 2390 1005 2440 et
1028 2400 1106 2440 com·

91 2463 250 2528 mendatitiis
269 2466 361 2526 literis
380 2485 548 2546 quacunque
567 2466 741 2526 auctoritate
759 2477 922 2544 promotos,
950 2465 1021 2532 iicet
1043 2477 1106 2526 tan-
1119 2486 1159 2528 ans

91 2567 161 2626 mam
186 2553 297 2612 habiles
324 2552 360 2610 alr
389 2571 439 2622 eo,
468 2573 485 2613 a
512 2571 567 2630 quo
596 2549 721 2614 ordinati
748 2561 825 2624 suut,
854 2551 1007 2630 probatos,
1036 2572 1106 2631 quos

91 2643 176 2696 tamen
197 2637 233 2698 ed
258 2637 354 2698 diviua
381 2635 474 2699 officia
502 2636 676 2700 celebranda
703 2655 753 2695 seu
780 2634 981 2700 ecclesiastica
1007 2657 1107 2698 saera·

91 2733 176 2784 menta
203 2721 391 2784 ministranda
422 2723 512 2782 minus
538 2721 660 2783 idoneos
688 2732 719 2782 et
745 2734 867 2805 capaces
897 2724 1053 2802 repererit,
1090 2743 1110 2783 a

91 2818 277 2890 susceptorum
297 2808 432 2870 ordinum¹
446 2811 587 2869 exercitio
607 2808 644 2868 ad
662 2817 788 2886 tempus,
815 2805 852 2866 dc
871 2828 926 2887 quo
946 2811 973 2867 ei
995 2807 1107 2870 videbi·

92 2898 144 2964 tur,
162 2894 350 2975 suspendere,
375 2907 406 2954 et
424 2895 493 2966 iilis,
518 2914 554 2956 ne
573 2895 602 2954 in
621 2895 704 2953 altari
724 2904 773 2952 aut
791 2893 885 2975 aliquo
905 2893 1006 2956 ordine
1025 2895 1107 2956 mini·

91 2984 184 3052 sucat,
202 2979 378 3042 interdicere
397 2983 497 3061 possit.

93 3111 115 3160 ⁰.
126 3115 164 3167 tv.
198 3117 292 3168 Nellos
306 3119 418 3168 clericae
431 3122 566 3167 eximatur
576 3132 595 3164 a
608 3120 768 3166 correctione
786 3117 908 3178 episcopi,
928 3117 1007 3162 etiam
1025 3123 1108 3164 extra

503 3187 687 3238 visitationem.

167 3271 269 3334 Omnes
287 3275 475 3334 ecclesiarum
493 3273 615 3352 praelati
628 3274 673 3346 ³),
701 3273 747 3352 qui
766 3269 802 3331 ad
825 3268 1016 3348 corrigendos
1038 3271 1108 3331 suh-³

93 3349 204 3418 ditarem
230 3379 367 3421 excessus
394 3357 549 3438 diligenter
573 3358 726 3419 intendere
754 3357 874 3429 debent,
902 3367 933 3416 et
958 3376 976 3416 a
1004 3357 1106 3435 quibus

93 3439 174 3502 nuilus
190 3445 313 3506 ciericos
331 3466 385 3526 per
401 3447 484 3506 huius
507 3455 624 3505 mactae
647 3445 751 3526 synodi
773 3453 880 3504 statuta
902 3443 1024 3504 cuiusvis
1046 3445 1106 3526 pri·

93 3522 180 3607 vilegii
201 3543 353 3609 praetextu
374 3542 451 3591 tutus
474 3541 623 3604 censetur,
652 3552 706 3612 quo
731 3533 822 3591 minus
844 3531 924 3590 iuxta
950 3531 1106 3591 canonicas
1150 3534 1158 3574 ³

94 3613 244 3676 sanctiones
260 3619 385 3691 visitari,
404 3619 498 3698 puniri
517 3628 548 3678 et
565 3618 673 3696 corrigi
691 3619 795 3696 possit,
815 3616 839 3675 si
857 3617 887 3674 in
900 3617 1033 3676 ecclesiis
1047 3617 1105 3677 suis

95 3696 255 3775 resederint,
292 3723 476 3784 quoscunque
503 3705 667 3764 saecuiares
694 3703 832 3776 ciericos,
869 3703 1104 3782 qualitercunque
1138 3779 1141 3786 ,

97 3817 291 3844 Ἣ

97 3924 117 3976 2)
140 3876 288 3968 {Mur-
314 3862 1108 3954 aper.scammoneaesen.xxrrr.usr·t·o⁸·⁸·,¹⁰··

99 3939 1106 4046 netruruuueuufffee.iit?euu‘emretuto‘t‘lffl‘fii*
