2648 4336
222 277 301 336 8⁰·
531 271 661 326 otuu.
678 261 766 327 Silis
783 271 945 327 PlSTOli.

223 438 280 478 noa
296 413 384 477 morlo
407 416 616 496 integritatem,
639 415 691 476 sed
714 426 744 475 et
766 414 899 475 iustitiam
922 414 1091 475 interiorem
1115 433 1177 473 com
1196 414 1242 473 im·
1289 412 1290 488 l

222 504 304 584 pulso
323 504 351 562 in
370 502 460 563 Deum
477 521 531 583 per
548 520 673 562 amorem
692 501 830 572 caritatis,
848 510 933 580 atque
951 501 1127 579 primaevam
1146 501 1242 559 sancti·

224 599 311 648 tatem
331 589 425 669 aliqua
443 589 555 646 ratione
568 597 634 666 post
647 587 755 666 lapsum
769 587 938 657 restitutam,
958 619 997 630 -
1018 596 1161 666 quatenos
1175 605 1241 644 com-

157 734 159 740 .
223 676 336 756 plexiuc
355 683 476 752 accepta
495 674 585 732 innuit
603 682 705 732 statum
724 673 802 732 illum
820 672 962 749 sequelam
980 671 1070 731 fuisse
1086 671 1241 741 creationis,

224 759 351 822 debitum
371 779 407 818 ex
426 758 547 818 naturali
566 759 712 836 exigentia
731 768 761 816 et
779 754 944 822 conditione
962 757 1104 818 humanae
1125 767 1242 826 naturae,

224 865 281 904 non
300 846 452 924 gratuitum
471 842 524 902 liei
542 843 727 903 beneficium:
750 843 854 914 Falsa,
873 844 950 904 ulios
967 843 1112 902 domnolo
1131 845 1162 904 ιἰι
1179 845 1243 902 boio

224 941 257 990 ct
275 930 456 1008 Quesncllr'o,
476 947 617 1000 moneo,
627 925 740 1004 saurus
757 929 877 990 haereo·
889 929 1087 1005 Pelagianos.

225 1083 272 1143 Dc
305 1082 569 1142 immortalitate
603 1092 764 1161 spectata
794 1091 828 1139 ut
861 1082 1012 1141 naturali
1046 1079 1244 1140 conditione

591 1213 593 1218 .
660 1167 816 1227 hominis.

564 1283 589 1299 “
629 1283 845 1352 Debapt.§2.

310 1387 403 1449 xvll.
427 1389 589 1468 propositio
607 1391 651 1448 his
668 1391 765 1449 vorbis
783 1389 948 1449 enunciata:
972 1385 1104 1458 „Edocti
1123 1387 1158 1446 ab
1177 1385 1243 1464 Apo-

224 1476 300 1536 stolo
315 1485 475 1555 spectamus
489 1485 609 1533 mortem
624 1495 680 1533 uon
699 1477 753 1533 iam
772 1485 804 1533 ut
821 1474 978 1532 naturalem
993 1471 1189 1532 conditionem
1202 1471 1243 1528 lne-
1292 1523 1293 1526 ,

226 1563 320 1632 minis,
349 1560 399 1620 scel
422 1579 524 1620 revera
546 1570 578 1618 ut
599 1562 700 1618 iustam
728 1578 848 1639 poenam
877 1559 977 1636 culpae
1006 1559 1192 1636 originalis,“
1211 1587 1244 1600 -

131 1683 138 1690 -
225 1658 364 1725 quatenus
381 1646 433 1704 sub
453 1647 566 1704 nomine
584 1643 718 1724 Apostoli
736 1644 855 1704 subrlolc
874 1643 999 1721 allegato
1017 1643 1157 1714 insinuat,
1180 1657 1243 1700 mor-

226 1743 293 1802 tem,
313 1750 384 1809 quae
403 1733 431 1788 in
450 1733 595 1809 praesenti
614 1741 689 1792 statu
707 1729 814 1789 inllicta
833 1739 877 1788 est
894 1730 973 1788 velut
990 1731 1062 1788 iusta
1079 1747 1173 1809 poena
1185 1744 1244 1807 pec·

225 1818 284 1880 oau‘
301 1835 355 1896 per
371 1817 472 1878 iustam
491 1816 714 1882 subtractionem
732 1815 966 1886 immortalitatis,
989 1834 1045 1874 non
1064 1815 1154 1876 luisse
1173 1821 1242 1871 natu·
1293 1813 1294 1844 ³

226 1903 316 1966 utu
341 1900 537 1964 conditionem
564 1903 698 1974 bominis,
732 1902 812 1981 quasi
837 1900 1034 1962 immortalitas
1066 1919 1125 1960 noo
1157 1898 1244 1958 luisset

226 1989 379 2067 gratuitum
397 1988 583 2059 beneficium,
602 1985 654 2048 scd
672 1987 809 2047 naturalis
827 1985 970 2046 conditio:
995 1987 1149 2064 captioso,
1168 1993 1243 2043 teue-

226 2078 327 2146 ναιίιι,
345 2075 492 2152 Apostolo
510 2076 670 2145 iniuriosa,
691 2075 767 2134 alius
785 2075 933 2133 damnata.

175 2238 213 2278 ⁴⁸²
342 2226 389 2286 lle
414 2226 616 2288 conditione
640 2229 788 2291 bominis
810 2229 844 2286 iu
864 2236 958 2286 stata
980 2236 1140 2290 naturae.

623 2347 664 2394 De
679 2355 751 2410 grat.
769 2343 795 2412 §.
814 2350 853 2394 10.

310 2447 417 2506 XVlll.
442 2448 580 2507 Doctrina
599 2448 702 2527 synodi
721 2450 890 2508 enuncians:
913 2447 1003 2520 „Post
1026 2449 1134 2527 lapsum
1152 2441 1241 2506 Alani

226 2531 316 2590 Deum
335 2533 522 2591 annunciasse
541 2534 757 2611 promissionem
775 2533 863 2592 futuri
881 2534 1059 2605 liberatoris,
1084 2545 1117 2594 et
1132 2529 1241 2592 voluisse

227 2618 370 2677 consolari
394 2635 483 2694 genus
506 2617 655 2676 humanum
677 2637 731 2698 per
748 2636 826 2698 spem
845 2620 953 2691 salutis,
973 2637 1055 2700 quam
1074 2617 1154 2679 lcsus
1171 2612 1240 2674 Clui-

225 2713 286 2762 stus
308 2703 445 2761 allaturus
468 2713 545 2773 erat,
569 2712 663 2762 umen
682 2701 772 2763 Deum
793 2705 917 2765 voluisse
939 2714 971 2763 nt
992 2724 1083 2783 genus
1106 2705 1241 2764 humanum

115 2859 116 2862 Ἴ
226 2789 363 2848 transiret
380 2807 433 2868 per
450 2789 545 2849 varios
563 2798 662 2862 sutus,
682 2800 832 2870 antequam
850 2792 962 2850 veniret
979 2788 1128 2870 plenitudo
1147 2800 1240 2864 tempo·

226 2893 301 2946 nuru,
325 2894 359 2934 ac
382 2875 515 2953 primum,
538 2876 619 2934 utin
643 2886 719 2936 statu
741 2886 859 2935 naturae
882 2876 967 2934 bomo
990 2875 1110 2936 relictus
1132 2869 1241 2956 propriis

226 2961 377 3020 luminibus
395 2959 523 3020 disceret
540 2959 577 3021 ‹lc
596 2981 647 3022 sua
665 2981 752 3022 caeca
777 2963 890 3021 ratione
913 2959 1060 3034 diffidere,
1084 2973 1115 3021 et
1138 2979 1174 3020 ex
1192 2953 1239 3014 suit

225 3046 456 3106 aberratioaibua
476 3059 605 3106 moveret
622 3067 653 3108 so
672 3047 708 3107 ai
728 3045 945 3124 desiderandum
968 3047 1103 3107 auxilium
1126 3041 1241 3124 superis·

226 3133 265 3189 ris
284 3133 432 3203 luminis,“
450 3165 492 3179 ··-
510 3129 656 3206 doctrina,
674 3145 706 3192 ut
722 3134 813 3206 iacet,
834 3134 976 3212 captiosa,
1000 3144 1085 3214 atquo
1108 3128 1240 3192 intellecta

225 3214 262 3275 ‹le
281 3215 426 3280 desiderio
445 3216 581 3277 adiutorii
600 3220 756 3298 superioris
792 3220 902 3278 luminis
920 3220 949 3278 in
968 3218 1070 3278 ordina
1084 3216 1122 3278 aul
1136 3215 1239 3278 minuo

224 3304 393 3380 promissam
411 3321 465 3382 per
482 3303 634 3376 Christum,
653 3303 690 3362 al
709 3304 784 3384 quod
804 3304 1021 3384 concipiendum
1036 3306 1122 3364 homo
1136 3299 1239 3362 mictu

225 3389 283 3447 suis
301 3389 425 3470 propriis
444 3388 593 3449 luminibus
611 3401 787 3469 supponatur
808 3409 872 3452 sose
896 3383 1027 3471 potuisse¹
1046 3407 1173 3450 moverer
1193 3381 1238 3441 St·

223 3483 340 3548 specto,
350 3471 464 3550 suosne
481 3475 875 3555 loueresiScmipalogionoc.

418 3625 466 3685 De
489 3626 693 3704 conditione
715 3630 863 3691 bominis
884 3631 945 3691 sub
968 3631 1058 3709 laga.

706 3749 773 3800 Iota.

311 3823 390 3886 xix.
418 3825 503 3900 itam,
527 3847 600 3908 quaa
623 3832 781 3913 subiungit,
805 3836 946 3896 bominem
969 3836 1021 3896 sub
1044 3835 1123 3916 lege,
1146 3839 1237 3912 „quun

226 3919 305 3969 meet
321 3911 462 3988 impotens
480 3911 516 3970 all
534 3929 597 3973 eam
612 3915 826 3995 observandam,
841 3921 1102 4000 praevaricatorem
1116 3916 1238 3983 erasistis
