2652 4330
269 255 433 312 sessio
458 255 518 312 vlt.
553 255 613 311 DE
639 257 906 312 REFORMAT.
1043 259 1099 314 49

80 415 142 476 gere
159 397 257 470 alicui,
285 398 332 478 qui
351 397 485 460 beneficii
508 398 700 459 ecclesiastici
714 399 836 484 'recepti
860 398 920 459 rive
937 399 1098 479 recipiendi

80 485 222 543 occasione
244 495 371 544 arctatus
388 504 446 543 noa
464 485 567 556 luerit,
594 483 767 545 concedere.
810 483 842 542 Si
861 503 946 544 secus
965 485 1028 555 liat,
1049 505 1098 546 ca-

79 568 184 646 pitulum
203 572 422 629 contraveniens
441 571 641 630 ecclesiastico
664 570 813 630 subiaceat
830 569 996 642 interdicto,
1007 581 1037 631 et
1054 573 1098 631 sic

79 651 204 725 ordinati,
232 656 257 714 si
282 655 312 714 in
339 656 496 715 minoribus
522 652 670 715 ordinibus
698 656 847 716 constituti
869 655 990 727 luerim,
1019 659 1097 716 nullo

78 740 215 816 privilegio
235 740 378 811 clericali,
402 742 571 819 praesertim
595 742 624 801 iu
643 741 853 811 criminalibus,
872 739 1027 819 gaudeant.
1065 743 1097 800 lo

78 824 218 884 maioribus
239 843 310 885 vero
333 825 370 884 ab
393 827 581 886 exsecutione
605 825 735 887 ordinum
759 824 796 885 ad
817 824 1028 904 beneplacitum
1053 828 1098 886 iu·

79 911 127 968 tori
143 909 263 989 praelati
282 911 339 969 siut
356 911 418 988 ipso
438 911 500 969 iure
519 913 659 990 suspensi.

78 1047 147 1095 C.Xl.
181 1047 335 1096 Facultates
346 1047 376 1093 dc
381 1045 553 1107 promovendo
563 1047 618 1092 sinc
627 1046 700 1094 iurata
708 1060 792 1095 cuuto
800 1049 898 1095 nemini
905 1045 1097 1111 sqffrugeatur.
1161 1117 1164 1126 ‚

150 1132 312 1193 Facultates
330 1130 366 1191 de
385 1128 580 1210 promovendo
599 1150 616 1190 a
635 1150 802 1210 quocunque
822 1151 879 1191 non
893 1132 1095 1212 suffragentur,

78 1220 123 1277 nisi
139 1218 305 1278 habentibus
324 1217 479 1296 legitimam
498 1236 623 1288 causam,
643 1216 679 1275 ob
699 1236 781 1296 quam
804 1237 821 1276 a
839 1219 963 1298 propriis
982 1222 1098 1298 episco·
1156 1259 1160 1272 ·

77 1305 113 1381 pis
129 1303 250 1363 ordinari
271 1323 327 1362 non
346 1304 471 1382 possint,
489 1303 519 1360 in
537 1303 629 1361 literis
651 1300 879 1381 exprimendam
904 1314 934 1362 et
953 1313 1018 1363 tunc
1038 1326 1093 1363 non

79 1387 239 1460 ordinentur,
260 1391 315 1449 nisi
335 1388 370 1447 ab
390 1389 566 1466 episcopo¹)
591 1390 619 1445 in
643 1407 694 1447 sua
713 1388 841 1448 dioecesi
860 1387 1022 1461 residente,
1046 1400 1130 1450 autu

78 1494 121 1550 pro
137 1495 170 1535 eo
187 1474 365 1555 pontificalia
385 1483 555 1545 exercente,
575 1484 605 1533 et
624 1472 754 1552 diligenti
771 1475 890 1554 praevio
909 1478 1050 1535 examine.

165 1615 256 1663 c.Xll.
293 1611 991 1672 Fautooodonoopromoocudomnomnmosoeotnt.

149 1697 311 1758 Facultates
330 1696 366 1757 de
389 1717 446 1755 non
465 1695 675 1775 promovendo,
702 1709 903 1778 praeterquam
926 1701 954 1757 in
980 1700 1093 1759 casibus

78 1782 160 1841 aiore
178 1785 360 1863 expressis2)
384 1801 556 1855 concessae,
579 1782 616 1842 ad
634 1802 736 1842 annum
760 1795 866 1843 tantum
888 1784 1091 1862 suffragentur.

79 1895 166 1967 exul.
195 1921 222 1970 Ἀ
237 1935 387 1984 quoeunque
397 1921 566 1982 praesentati
578 1935 628 1967 nan
642 1923 819 1968 a'nato'tuantur
832 1923 887 1969 sine
897 1925 1006 1982 praeuio
1023 1936 1091 1970 sta-

237 1994 305 2038 mine
315 1990 444 2036 ordinaria·
453 1997 480 2037 et
488 1990 683 2052 approbatione,
698 1991 777 2037 certis
786 1991 911 2050 exceptu.

148 2075 326 2137 Praesentati
345 2095 396 2135 seu
414 2076 501 2136 electi
523 2075 570 2133 vel
588 2075 724 2134 nominati
745 2094 765 2133 a
788 2075 931 2154 quibusvis
950 2076 1092 2136 eeclesia-

78 2159 143 2220 sticis
166 2164 311 2242 personis,
340 2163 424 2221 etiam
451 2160 528 2221 sedis
554 2161 731 2239 apostolieae
759 2163 883 2233 nunciis,
911 2160 948 2221 ad
975 2165 1092 2241 quaevis

79 2247 260 2309 ecclesiastica
283 2247 426 2307 beneficia
448 2267 505 2306 uon
528 2248 724 2319 instituantur,
753 2266 807 2306 nec
836 2247 1091 2322 confirmandos),

78 2348 154 2410 neque
179 2333 378 2404 admittantur,
407 2333 493 2391 etiam
519 2343 672 2411 praetextu
699 2333 822 2392 cuiusvis
848 2333 1011 2413 privilegii,
1039 2353 1091 2394 seu

79 2420 275 2480 consuetudinis
302 2420 388 2480 etiam
416 2418 451 2478 ab
475 2418 693 2479 immemorabili
724 2429 854 2496 tempore
882 2421 1090 2497 praescriptae,

79 2501 122 2558 uisi
141 2504 242 2565 luerint
268 2507 347 2586 prius
374 2523 392 2563 a
420 2504 550 2563 locorum
578 2503 732 2563 ordinariis
760 2505 913 2564 examinati
942 2516 972 2564 et
994 2503 1092 2563 idonei

79 2592 177 2664 reperti.
212 2590 251 2650 Et
274 2591 366 2651 nullus
384 2590 584 2668 appellationis
608 2589 737 2650 remedio
761 2609 792 2648 se
811 2590 887 2649 tueri
909 2592 1014 2669 possit,
1035 2610 1090 2668 quo

79 2672 153 2734 minus
170 2696 289 2737 examen
307 2676 403 2737 subire
422 2685 565 2734 teneatur.
602 2675 797 2736 Praesentatis
815 2677 963 2748 tancn⁴)‚
988 2675 1092 2734 electis

80 2773 119 2816 seu
135 2765 280 2823 nominatis
300 2764 335 2822 ab
354 2760 585 2820 universitatibus
604 2782 654 2822 seu
677 2763 809 2838 collegiis
832 2763 1009 2840 generalium
1032 2772 1093 2821 stu·

80 2837 171 2906 diorum
189 2852 328 2928 exceptis.

128 2985 152 3030 0·
161 2987 226 3034 xiv.
263 2988 398 3046 Quaenam
408 3001 505 3036 causae
514 2988 602 3034 ciuiles
612 2987 645 3034 ab
659 2987 784 3046 episcopis
794 2988 1029 3046 cognesco'posso'nt.
1100 3005 1127 3048 73

150 3068 179 3129 la
201 3083 397 3152 exemptorum
426 3072 519 3132 causis
543 3071 709 3131 constitutio
733 3069 895 3128 lnnocentii
922 3068 989 3141 1V.‚
1017 3089 1092 3148 quae

80 3146 176 3230 insipit:
213 3160 407 3232 Volcateot),
434 3160 462 3217 in
486 3157 616 3236 generali
640 3155 771 3216 concilio·
788 3153 974 3233 Lugduueasi
1002 3155 1091 3227 edita,

81 3250 204 3313 servetur,
229 3263 311 3323 mam
333 3243 434 3304 eadem
453 3239 639 3302 sacrosancta
661 3240 787 3320 synodus
809 3239 999 3300 innovandam
1023 3261 1092 3300 cen·

81 3321 125 3379 suit
148 3336 176 3385 et
200 3329 330 3400 innovat,
358 3328 491 3389 addendo
520 3330 650 3407 insuper,
679 3326 753 3406 quod
781 3328 811 3385 in
838 3326 969 3386 civilibus
997 3327 1092 3385 causis

81 3410 224 3472 mercedum
247 3425 277 3475 et
299 3415 500 3475 miserabilium
525 3433 711 3493 personarum
735 3412 836 3473 clerici
859 3412 1024 3472 saeculares
1042 3422 1093 3471 aut

81 3496 219 3571 ttgulaoes,
239 3511 320 3560 entra
338 3502 540 3560 monasterium
556 3499 704 3580 degentes,
725 3495 940 3578 quomodolibet
954 3499 1090 3578 exempti,

82 3577 191 3641 etiamsi
210 3597 318 3646 certum
336 3585 462 3646 iudicem
480 3605 497 3644 a
517 3586 587 3648 sede
606 3588 767 3666 apostolica
784 3584 949 3663 deputatum
971 3586 1001 3644 in
1024 3603 1091 3664 par·

86 3699 276 3726 ,ᾗῇ-
602 3700 605 3705 .

123 3757 191 3808 Sero.
201 3767 254 3811 Vll.
282 3773 304 3822 l)
314 3771 345 3818 ci.
356 3771 421 3814 Scor.
431 3769 473 3814 Vl.
484 3771 513 3814 de
522 3771 567 3814 rei.
579 3783 598 3814 r.
610 3775 628 3814 5.
641 3771 704 3814 Sero.
716 3770 782 3815 X1V.
794 3773 821 3814 de
833 3771 877 3814 rel.
888 3783 908 3813 e.
919 3773 940 3812 2.
956 3791 975 3801 -
992 3769 1015 3821 2)
1026 3781 1046 3810 c.
1057 3769 1090 3810 ii.

83 3805 375 3869 assolutamente.
387 3823 474 3878 (Bonis.
489 3822 570 3874 Vlll.)
587 3845 613 3857 -
643 3826 663 3872 3)
675 3823 705 3865 cl.
722 3823 788 3866 Sero.
802 3823 879 3866 XXV.
896 3821 925 3864 de
935 3818 979 3862 rel.
994 3832 1015 3861 c.
1029 3821 1050 3861 s.
1065 3841 1091 3851 -

83 3857 100 3905 *l
108 3859 133 3903 tl.
142 3863 200 3911 Sese.
210 3869 300 3917 XXIV.
311 3876 340 3918 de
351 3873 394 3918 ref.
405 3888 425 3918 e.
438 3878 469 3917 ¹8.
480 3897 504 3907 —
531 3878 553 3930 t)
563 3889 583 3918 c.
594 3878 613 3918 i.
624 3876 653 3917 de
663 3873 742 3928 privil.
753 3875 778 3916 in
786 3874 846 3917 Vlto
856 3873 885 3917 V.
897 3876 917 3914 i·
928 3876 953 3912 ti
961 3869 1017 3912 infr·
1028 3871 1092 3911 inis!

84 3917 144 3955 ⁸⁰⁰⁵&
154 3931 181 3960 ex
190 3928 235 3965 ant.
247 3924 296 3968 iure
306 3927 421 3982 deonmpt.
432 3939 476 3983 per
485 3938 551 3969 eous.
558 3925 626 3970 Teo.
633 3925 762 3969 innovatas.
769 3925 799 3969 ci.
807 3921 944 3970 Socoxw.
952 3921 980 3964 tlt
990 3920 1034 3963 ref·
1043 3922 1090 3962 ⁰·ss

117 3989 187 4048 ⁰⁰150·
204 4003 327 4050 monnau.
901 3988 920 4042 4
