<?xml version="1.0" encoding="UTF-8"?>
<!DOCTYPE html PUBLIC "-//W3C//DTD XHTML 1.0 Transitional//EN"
    "http://www.w3.org/TR/xhtml1/DTD/xhtml1-transitional.dtd">
<html xmlns="http://www.w3.org/1999/xhtml" xml:lang="en" lang="en">
 <head>
  <title>
</title>
<meta http-equiv="Content-Type" content="text/html;charset=utf-8" />
  <meta name='ocr-system' content='tesseract 3.04.00' />
  <meta name='ocr-capabilities' content='ocr_page ocr_carea ocr_par ocr_line ocrx_word'/>
</head>
<body>
  <div class='ocr_page' id='page_1' title='image "./canonesetdecret00stergoog_0074.png"; bbox 0 0 2652 4330; ppageno 0'>
   <div class='ocr_carea' id='block_1_1' title="bbox 226 235 1118 330">
    <p class='ocr_par' dir='ltr' id='par_1_1' title="bbox 226 235 1118 330">
     <span class='ocr_line' id='line_1_1' title="bbox 226 235 1118 330; baseline 0 0"><span class='ocrx_word' id='word_1_1' title='bbox 226 273 391 330; x_wconf 84' lang='lat' dir='ltr'><strong>ssss1o</strong></span> <span class='ocrx_word' id='word_1_2' title='bbox 418 271 492 326; x_wconf 87' lang='lat' dir='ltr'><strong>xm.</strong></span> <span class='ocrx_word' id='word_1_3' title='bbox 527 271 586 326; x_wconf 82' lang='lat' dir='ltr'><strong>nn</strong></span> <span class='ocrx_word' id='word_1_4' title='bbox 612 269 949 326; x_wconf 81' lang='lat' dir='ltr'><strong>socuanrsrra.</strong></span> <span class='ocrx_word' id='word_1_5' title='bbox 1021 235 1024 242; x_wconf 68' lang='grc'><strong>’</strong></span> <span class='ocrx_word' id='word_1_6' title='bbox 1056 270 1118 330; x_wconf 71' lang='lat' dir='ltr'><strong>en·</strong></span> 
     </span>
    </p>
   </div>
   <div class='ocr_carea' id='block_1_2' title="bbox 49 411 1199 3206">
    <p class='ocr_par' dir='ltr' id='par_1_2' title="bbox 87 411 1199 2114">
     <span class='ocr_line' id='line_1_2' title="bbox 90 411 1107 492; baseline -0.002 -16"><span class='ocrx_word' id='word_1_7' title='bbox 90 413 223 492; x_wconf 77' lang='lat' dir='ltr'><strong>Quosdam</strong></span> <span class='ocrx_word' id='word_1_8' title='bbox 241 416 317 476; x_wconf 87' lang='lat' dir='ltr'><strong>enim</strong></span> <span class='ocrx_word' id='word_1_9' title='bbox 335 413 496 474; x_wconf 89' lang='lat' dir='ltr'><strong>docuerunt</strong></span> <span class='ocrx_word' id='word_1_10' title='bbox 517 414 765 474; x_wconf 77' lang='lat' dir='ltr'><strong>sacramentaliter</strong></span> <span class='ocrx_word' id='word_1_11' title='bbox 783 411 920 474; x_wconf 75' lang='lat' dir='ltr'><strong>duntaxat</strong></span> <span class='ocrx_word' id='word_1_12' title='bbox 937 411 971 472; x_wconf 91' lang='lat' dir='ltr'><strong>id.</strong></span> <span class='ocrx_word' id='word_1_13' title='bbox 985 432 1107 488; x_wconf 87' lang='lat' dir='ltr'><strong>sumere,</strong></span> 
     </span>
     <span class='ocr_line' id='line_1_3' title="bbox 89 499 1120 582; baseline 0 -20"><span class='ocrx_word' id='word_1_14' title='bbox 89 514 114 562; x_wconf 92' lang='lat' dir='ltr'><strong>ut</strong></span> <span class='ocrx_word' id='word_1_15' title='bbox 133 511 318 582; x_wconf 73' lang='lat' dir='ltr'><strong>peccatores,</strong></span> <span class='ocrx_word' id='word_1_16' title='bbox 345 500 418 559; x_wconf 92' lang='lat' dir='ltr'><strong>alios</strong></span> <span class='ocrx_word' id='word_1_17' title='bbox 444 509 552 559; x_wconf 90' lang='lat' dir='ltr'><strong>tantum</strong></span> <span class='ocrx_word' id='word_1_18' title='bbox 580 499 780 580; x_wconf 78' lang='lat' dir='ltr'><strong>spiritualiter,</strong></span> <span class='ocrx_word' id='word_1_19' title='bbox 806 499 872 558; x_wconf 89' lang='lat' dir='ltr'><strong>illos</strong></span> <span class='ocrx_word' id='word_1_20' title='bbox 894 500 1039 573; x_wconf 87' lang='lat' dir='ltr'><strong>nimirum,</strong></span> <span class='ocrx_word' id='word_1_21' title='bbox 1062 502 1120 580; x_wconf 33' lang='lat' dir='ltr'><strong>quir</strong></span> 
     </span>
     <span class='ocr_line' id='line_1_4' title="bbox 88 582 1129 686; baseline -0.001 -38"><span class='ocrx_word' id='word_1_22' title='bbox 88 597 149 648; x_wconf 82' lang='lat' dir='ltr'><strong>roto</strong></span> <span class='ocrx_word' id='word_1_23' title='bbox 169 588 346 668; x_wconf 89' lang='lat' dir='ltr'><strong>propositum</strong></span> <span class='ocrx_word' id='word_1_24' title='bbox 368 584 446 644; x_wconf 89' lang='lat' dir='ltr'><strong>illum</strong></span> <span class='ocrx_word' id='word_1_25' title='bbox 469 587 626 646; x_wconf 90' lang='lat' dir='ltr'><strong>coelestem</strong></span> <span class='ocrx_word' id='word_1_26' title='bbox 652 603 754 664; x_wconf 88' lang='lat' dir='ltr'><strong>panem</strong></span> <span class='ocrx_word' id='word_1_27' title='bbox 785 582 918 658; x_wconf 81' lang='lat' dir='ltr'><strong>edentes,</strong></span> <span class='ocrx_word' id='word_1_28' title='bbox 952 584 1008 645; x_wconf 84' lang='lat' dir='ltr'><strong>lide</strong></span> <span class='ocrx_word' id='word_1_29' title='bbox 1034 587 1129 686; x_wconf 65' lang='lat' dir='ltr'><strong>vivanp</strong></span> 
     </span>
     <span class='ocr_line' id='line_1_5' title="bbox 88 670 1129 754; baseline 0 -22"><span class='ocrx_word' id='word_1_30' title='bbox 88 692 152 754; x_wconf 81' lang='lat' dir='ltr'><strong>quae</strong></span> <span class='ocrx_word' id='word_1_31' title='bbox 173 690 227 752; x_wconf 90' lang='lat' dir='ltr'><strong>per</strong></span> <span class='ocrx_word' id='word_1_32' title='bbox 249 670 434 731; x_wconf 89' lang='lat' dir='ltr'><strong>dilectionem</strong></span> <span class='ocrx_word' id='word_1_33' title='bbox 458 673 648 750; x_wconf 87' lang='lat' dir='ltr'><strong>operatur¹),</strong></span> <span class='ocrx_word' id='word_1_34' title='bbox 676 671 799 730; x_wconf 78' lang='lat' dir='ltr'><strong>fructum</strong></span> <span class='ocrx_word' id='word_1_35' title='bbox 822 671 883 730; x_wconf 88' lang='lat' dir='ltr'><strong>eius</strong></span> <span class='ocrx_word' id='word_1_36' title='bbox 905 681 937 731; x_wconf 89' lang='lat' dir='ltr'><strong>at</strong></span> <span class='ocrx_word' id='word_1_37' title='bbox 957 671 1129 732; x_wconf 70' lang='lat' dir='ltr'><strong>utilitatem}</strong></span> 
     </span>
     <span class='ocr_line' id='line_1_6' title="bbox 88 756 1194 850; baseline 0 -34"><span class='ocrx_word' id='word_1_38' title='bbox 88 759 216 828; x_wconf 72' lang='lat' dir='ltr'><strong>sentiunt,</strong></span> <span class='ocrx_word' id='word_1_39' title='bbox 236 757 338 816; x_wconf 90' lang='lat' dir='ltr'><strong>tertios</strong></span> <span class='ocrx_word' id='word_1_40' title='bbox 356 775 444 836; x_wconf 93' lang='lat' dir='ltr'><strong>porro</strong></span> <span class='ocrx_word' id='word_1_41' title='bbox 463 757 710 838; x_wconf 60' lang='lat' dir='ltr'><strong>Qiffllllllil</strong></span> <span class='ocrx_word' id='word_1_42' title='bbox 727 756 808 815; x_wconf 88' lang='lat' dir='ltr'><strong>simul</strong></span> <span class='ocrx_word' id='word_1_43' title='bbox 827 757 1109 842; x_wconf 53' lang='lat' dir='ltr'><strong>etspiritualitepjss</strong></span> <span class='ocrx_word' id='word_1_44' title='bbox 1127 774 1141 850; x_wconf 67' lang='lat' dir='ltr'><strong>pp</strong></span> <span class='ocrx_word' id='word_1_45' title='bbox 1189 777 1194 790; x_wconf 54' lang='lat'>⁸</span> 
     </span>
     <span class='ocr_line' id='line_1_7' title="bbox 88 841 1108 921; baseline -0.001 -20"><span class='ocrx_word' id='word_1_46' title='bbox 88 844 219 902; x_wconf 89' lang='lat' dir='ltr'><strong>hiantem</strong></span> <span class='ocrx_word' id='word_1_47' title='bbox 237 853 312 914; x_wconf 90' lang='lat' dir='ltr'><strong>sunt,</strong></span> <span class='ocrx_word' id='word_1_48' title='bbox 332 843 378 919; x_wconf 87' lang='lat' dir='ltr'><strong>qui</strong></span> <span class='ocrx_word' id='word_1_49' title='bbox 397 843 438 900; x_wconf 84' lang='lat' dir='ltr'><strong>ita</strong></span> <span class='ocrx_word' id='word_1_50' title='bbox 455 861 486 900; x_wconf 91' lang='lat' dir='ltr'><strong>so</strong></span> <span class='ocrx_word' id='word_1_51' title='bbox 504 843 583 921; x_wconf 91' lang='lat' dir='ltr'><strong>prius</strong></span> <span class='ocrx_word' id='word_1_52' title='bbox 597 841 721 921; x_wconf 84' lang='lat' dir='ltr'><strong>probant</strong></span> <span class='ocrx_word' id='word_1_53' title='bbox 734 852 765 902; x_wconf 90' lang='lat' dir='ltr'><strong>et</strong></span> <span class='ocrx_word' id='word_1_54' title='bbox 781 843 932 913; x_wconf 83' lang='lat' dir='ltr'><strong>instruunt,</strong></span> <span class='ocrx_word' id='word_1_55' title='bbox 952 852 984 900; x_wconf 91' lang='lat' dir='ltr'><strong>nt</strong></span> <span class='ocrx_word' id='word_1_56' title='bbox 1000 852 1108 902; x_wconf 87' lang='lat' dir='ltr'><strong>vestem</strong></span> 
     </span>
     <span class='ocr_line' id='line_1_8' title="bbox 88 924 1110 1007; baseline 0.003 -22"><span class='ocrx_word' id='word_1_57' title='bbox 88 927 232 1007; x_wconf 85' lang='lat' dir='ltr'><strong>nuptialem</strong></span> <span class='ocrx_word' id='word_1_58' title='bbox 259 924 351 986; x_wconf 90' lang='lat' dir='ltr'><strong>induti</strong></span> <span class='ocrx_word' id='word_1_59' title='bbox 378 925 415 985; x_wconf 90' lang='lat' dir='ltr'><strong>ad</strong></span> <span class='ocrx_word' id='word_1_60' title='bbox 442 925 566 985; x_wconf 86' lang='lat' dir='ltr'><strong>divinam</strong></span> <span class='ocrx_word' id='word_1_61' title='bbox 592 926 666 986; x_wconf 90' lang='lat' dir='ltr'><strong>hanc</strong></span> <span class='ocrx_word' id='word_1_62' title='bbox 693 945 817 987; x_wconf 88' lang='lat' dir='ltr'><strong>mensam</strong></span> <span class='ocrx_word' id='word_1_63' title='bbox 844 925 1034 1001; x_wconf 66' lang='lat' dir='ltr'><strong>accedantfl).</strong></span> <span class='ocrx_word' id='word_1_64' title='bbox 1077 930 1110 988; x_wconf 92' lang='lat' dir='ltr'><strong>ln</strong></span> 
     </span>
     <span class='ocr_line' id='line_1_9' title="bbox 87 1009 1110 1091; baseline 0 -19"><span class='ocrx_word' id='word_1_65' title='bbox 87 1009 279 1072; x_wconf 85' lang='lat' dir='ltr'><strong>sacramentali</strong></span> <span class='ocrx_word' id='word_1_66' title='bbox 306 1021 399 1071; x_wconf 88' lang='lat' dir='ltr'><strong>autem</strong></span> <span class='ocrx_word' id='word_1_67' title='bbox 431 1013 591 1089; x_wconf 86' lang='lat' dir='ltr'><strong>sumptione</strong></span> <span class='ocrx_word' id='word_1_68' title='bbox 618 1030 731 1091; x_wconf 88' lang='lat' dir='ltr'><strong>semper</strong></span> <span class='ocrx_word' id='word_1_69' title='bbox 758 1015 787 1072; x_wconf 84' lang='lat' dir='ltr'><strong>in</strong></span> <span class='ocrx_word' id='word_1_70' title='bbox 814 1014 940 1073; x_wconf 89' lang='lat' dir='ltr'><strong>ecclesia</strong></span> <span class='ocrx_word' id='word_1_71' title='bbox 966 1013 1022 1073; x_wconf 87' lang='lat' dir='ltr'><strong>Dei</strong></span> <span class='ocrx_word' id='word_1_72' title='bbox 1048 1034 1110 1075; x_wconf 92' lang='lat' dir='ltr'><strong>mos</strong></span> 
     </span>
     <span class='ocr_line' id='line_1_10' title="bbox 88 1094 1110 1178; baseline 0.005 -22"><span class='ocrx_word' id='word_1_73' title='bbox 88 1100 143 1169; x_wconf 86' lang='lat' dir='ltr'><strong>luit,</strong></span> <span class='ocrx_word' id='word_1_74' title='bbox 161 1109 192 1157; x_wconf 94' lang='lat' dir='ltr'><strong>ut</strong></span> <span class='ocrx_word' id='word_1_75' title='bbox 209 1097 279 1157; x_wconf 87' lang='lat' dir='ltr'><strong>laici</strong></span> <span class='ocrx_word' id='word_1_76' title='bbox 298 1116 315 1155; x_wconf 88' lang='lat' dir='ltr'><strong>a</strong></span> <span class='ocrx_word' id='word_1_77' title='bbox 333 1094 532 1156; x_wconf 86' lang='lat' dir='ltr'><strong>sacerdotibus</strong></span> <span class='ocrx_word' id='word_1_78' title='bbox 556 1097 782 1160; x_wconf 90' lang='lat' dir='ltr'><strong>communionem</strong></span> <span class='ocrx_word' id='word_1_79' title='bbox 805 1099 986 1178; x_wconf 80' lang='lat' dir='ltr'><strong>acciperent3</strong></span> <span class='ocrx_word' id='word_1_80' title='bbox 1011 1119 1110 1161; x_wconf 84' lang='lat' dir='ltr'><strong>sacer·</strong></span> 
     </span>
     <span class='ocr_line' id='line_1_11' title="bbox 89 1141 1128 1264; baseline 0.004 -23"><span class='ocrx_word' id='word_1_81' title='bbox 89 1181 162 1243; x_wconf 89' lang='lat' dir='ltr'><strong>dotes</strong></span> <span class='ocrx_word' id='word_1_82' title='bbox 179 1195 275 1243; x_wconf 83' lang='lat' dir='ltr'><strong>autem</strong></span> <span class='ocrx_word' id='word_1_83' title='bbox 294 1181 476 1242; x_wconf 80' lang='lat' dir='ltr'><strong>celebrantes</strong></span> <span class='ocrx_word' id='word_1_84' title='bbox 499 1201 530 1240; x_wconf 91' lang='lat' dir='ltr'><strong>se</strong></span> <span class='ocrx_word' id='word_1_85' title='bbox 549 1182 627 1259; x_wconf 92' lang='lat' dir='ltr'><strong>ipsos</strong></span> <span class='ocrx_word' id='word_1_86' title='bbox 646 1184 943 1258; x_wconf 69' lang='lat' dir='ltr'><strong>communicarent),</strong></span> <span class='ocrx_word' id='word_1_87' title='bbox 972 1187 1019 1264; x_wconf 91' lang='lat' dir='ltr'><strong>qui</strong></span> <span class='ocrx_word' id='word_1_88' title='bbox 1037 1141 1128 1262; x_wconf 79' lang='lat' dir='ltr'><strong>mos,l</strong></span> 
     </span>
     <span class='ocr_line' id='line_1_12' title="bbox 88 1265 1199 1348; baseline 0.003 -22"><span class='ocrx_word' id='word_1_89' title='bbox 88 1279 208 1348; x_wconf 86' lang='lat' dir='ltr'><strong>tanquam</strong></span> <span class='ocrx_word' id='word_1_90' title='bbox 231 1287 269 1327; x_wconf 87' lang='lat' dir='ltr'><strong>ex</strong></span> <span class='ocrx_word' id='word_1_91' title='bbox 292 1265 447 1326; x_wconf 83' lang='lat' dir='ltr'><strong>traditione</strong></span> <span class='ocrx_word' id='word_1_92' title='bbox 469 1267 629 1344; x_wconf 88' lang='lat' dir='ltr'><strong>apostolica</strong></span> <span class='ocrx_word' id='word_1_93' title='bbox 652 1265 884 1344; x_wconf 78' lang='lat' dir='ltr'><strong>descendens⁵)‚</strong></span> <span class='ocrx_word' id='word_1_94' title='bbox 911 1271 973 1328; x_wconf 90' lang='lat' dir='ltr'><strong>iure</strong></span> <span class='ocrx_word' id='word_1_95' title='bbox 996 1289 1031 1328; x_wconf 90' lang='lat' dir='ltr'><strong>ac</strong></span> <span class='ocrx_word' id='word_1_96' title='bbox 1049 1288 1111 1329; x_wconf 70' lang='lat' dir='ltr'><strong>me«</strong></span> <span class='ocrx_word' id='word_1_97' title='bbox 1196 1292 1199 1302; x_wconf 77' lang='lat'><strong><em>¹</em></strong></span> 
     </span>
     <span class='ocr_line' id='line_1_13' title="bbox 88 1349 1110 1433; baseline 0.001 -21"><span class='ocrx_word' id='word_1_98' title='bbox 88 1355 136 1412; x_wconf 91' lang='lat' dir='ltr'><strong>rito</strong></span> <span class='ocrx_word' id='word_1_99' title='bbox 153 1354 272 1412; x_wconf 89' lang='lat' dir='ltr'><strong>retineri</strong></span> <span class='ocrx_word' id='word_1_100' title='bbox 296 1351 391 1412; x_wconf 88' lang='lat' dir='ltr'><strong>debet.</strong></span> <span class='ocrx_word' id='word_1_101' title='bbox 429 1349 546 1411; x_wconf 87' lang='lat' dir='ltr'><strong>llemum</strong></span> <span class='ocrx_word' id='word_1_102' title='bbox 570 1362 664 1411; x_wconf 87' lang='lat' dir='ltr'><strong>autem</strong></span> <span class='ocrx_word' id='word_1_103' title='bbox 691 1363 813 1433; x_wconf 87' lang='lat' dir='ltr'><strong>paterno</strong></span> <span class='ocrx_word' id='word_1_104' title='bbox 840 1355 947 1413; x_wconf 80' lang='lat' dir='ltr'><strong>ellectu</strong></span> <span class='ocrx_word' id='word_1_105' title='bbox 973 1353 1110 1415; x_wconf 80' lang='lat' dir='ltr'><strong>admonet</strong></span> 
     </span>
     <span class='ocr_line' id='line_1_14' title="bbox 89 1436 1109 1520; baseline 0.004 -24"><span class='ocrx_word' id='word_1_106' title='bbox 89 1449 177 1498; x_wconf 88' lang='lat' dir='ltr'><strong>sancta</strong></span> <span class='ocrx_word' id='word_1_107' title='bbox 194 1436 494 1519; x_wconf 80' lang='lat' dir='ltr'><strong>synodus‚&#39;hortatur,</strong></span> <span class='ocrx_word' id='word_1_108' title='bbox 513 1447 600 1514; x_wconf 86' lang='lat' dir='ltr'><strong>rogat</strong></span> <span class='ocrx_word' id='word_1_109' title='bbox 616 1448 647 1496; x_wconf 93' lang='lat' dir='ltr'><strong>et</strong></span> <span class='ocrx_word' id='word_1_110' title='bbox 665 1437 802 1497; x_wconf 84' lang='lat' dir='ltr'><strong>obsecrat</strong></span> <span class='ocrx_word' id='word_1_111' title='bbox 822 1441 1005 1520; x_wconf 86' lang='lat' dir='ltr'><strong>perviscera</strong></span> <span class='ocrx_word' id='word_1_112' title='bbox 1023 1442 1109 1500; x_wconf 90' lang='lat' dir='ltr'><strong>mise-</strong></span> 
     </span>
     <span class='ocr_line' id='line_1_15' title="bbox 89 1523 1108 1604; baseline 0.002 -22"><span class='ocrx_word' id='word_1_113' title='bbox 89 1523 220 1583; x_wconf 87' lang='lat' dir='ltr'><strong>ricordiae</strong></span> <span class='ocrx_word' id='word_1_114' title='bbox 239 1523 297 1585; x_wconf 84' lang='lat' dir='ltr'><strong>Dei</strong></span> <span class='ocrx_word' id='word_1_115' title='bbox 315 1523 419 1594; x_wconf 83' lang='lat' dir='ltr'><strong>nostri,</strong></span> <span class='ocrx_word' id='word_1_116' title='bbox 448 1532 479 1580; x_wconf 90' lang='lat' dir='ltr'><strong>ut</strong></span> <span class='ocrx_word' id='word_1_117' title='bbox 497 1542 596 1582; x_wconf 89' lang='lat' dir='ltr'><strong>omnes</strong></span> <span class='ocrx_word' id='word_1_118' title='bbox 613 1533 644 1583; x_wconf 92' lang='lat' dir='ltr'><strong>et</strong></span> <span class='ocrx_word' id='word_1_119' title='bbox 661 1523 778 1602; x_wconf 79' lang='lat' dir='ltr'><strong>singuli,</strong></span> <span class='ocrx_word' id='word_1_120' title='bbox 807 1526 854 1604; x_wconf 89' lang='lat' dir='ltr'><strong>qui</strong></span> <span class='ocrx_word' id='word_1_121' title='bbox 874 1524 1037 1584; x_wconf 89' lang='lat' dir='ltr'><strong>Christiano</strong></span> <span class='ocrx_word' id='word_1_122' title='bbox 1056 1543 1108 1584; x_wconf 89' lang='lat' dir='ltr'><strong>uo·</strong></span> 
     </span>
     <span class='ocr_line' id='line_1_16' title="bbox 89 1609 1106 1688; baseline 0.002 -21"><span class='ocrx_word' id='word_1_123' title='bbox 89 1609 152 1668; x_wconf 89' lang='lat' dir='ltr'><strong>miae</strong></span> <span class='ocrx_word' id='word_1_124' title='bbox 170 1619 334 1679; x_wconf 83' lang='lat' dir='ltr'><strong>censentur,</strong></span> <span class='ocrx_word' id='word_1_125' title='bbox 353 1609 383 1666; x_wconf 91' lang='lat' dir='ltr'><strong>in</strong></span> <span class='ocrx_word' id='word_1_126' title='bbox 400 1609 456 1668; x_wconf 90' lang='lat' dir='ltr'><strong>hoc</strong></span> <span class='ocrx_word' id='word_1_127' title='bbox 475 1609 591 1668; x_wconf 87' lang='lat' dir='ltr'><strong>unitatis</strong></span> <span class='ocrx_word' id='word_1_128' title='bbox 609 1610 701 1688; x_wconf 81' lang='lat' dir='ltr'><strong>siguo,</strong></span> <span class='ocrx_word' id='word_1_129' title='bbox 721 1611 750 1667; x_wconf 91' lang='lat' dir='ltr'><strong>in</strong></span> <span class='ocrx_word' id='word_1_130' title='bbox 768 1609 824 1670; x_wconf 92' lang='lat' dir='ltr'><strong>hoc</strong></span> <span class='ocrx_word' id='word_1_131' title='bbox 837 1610 952 1672; x_wconf 82' lang='lat' dir='ltr'><strong>vinculo</strong></span> <span class='ocrx_word' id='word_1_132' title='bbox 968 1613 1106 1680; x_wconf 84' lang='lat' dir='ltr'><strong>caritatis,</strong></span> 
     </span>
     <span class='ocr_line' id='line_1_17' title="bbox 88 1693 1108 1776; baseline 0.004 -26"><span class='ocrx_word' id='word_1_133' title='bbox 88 1695 112 1751; x_wconf 90' lang='lat' dir='ltr'><strong>in</strong></span> <span class='ocrx_word' id='word_1_134' title='bbox 128 1695 179 1754; x_wconf 85' lang='lat' dir='ltr'><strong>hoo</strong></span> <span class='ocrx_word' id='word_1_135' title='bbox 198 1694 374 1755; x_wconf 88' lang='lat' dir='ltr'><strong>concordiae</strong></span> <span class='ocrx_word' id='word_1_136' title='bbox 393 1694 523 1772; x_wconf 84' lang='lat' dir='ltr'><strong>symbolo</strong></span> <span class='ocrx_word' id='word_1_137' title='bbox 546 1695 601 1753; x_wconf 89' lang='lat' dir='ltr'><strong>iam</strong></span> <span class='ocrx_word' id='word_1_138' title='bbox 624 1694 738 1754; x_wconf 90' lang='lat' dir='ltr'><strong>tandem</strong></span> <span class='ocrx_word' id='word_1_139' title='bbox 761 1693 913 1776; x_wconf 84' lang='lat' dir='ltr'><strong>aliquando</strong></span> <span class='ocrx_word' id='word_1_140' title='bbox 936 1697 1108 1756; x_wconf 79' lang='lat' dir='ltr'><strong>conveniant</strong></span> 
     </span>
     <span class='ocr_line' id='line_1_18' title="bbox 89 1779 1108 1858; baseline 0.003 -21"><span class='ocrx_word' id='word_1_141' title='bbox 89 1790 114 1837; x_wconf 91' lang='lat' dir='ltr'><strong>et</strong></span> <span class='ocrx_word' id='word_1_142' title='bbox 137 1779 326 1851; x_wconf 87' lang='lat' dir='ltr'><strong>concordent,</strong></span> <span class='ocrx_word' id='word_1_143' title='bbox 354 1798 551 1858; x_wconf 88' lang='lat' dir='ltr'><strong>memoresque</strong></span> <span class='ocrx_word' id='word_1_144' title='bbox 578 1789 675 1839; x_wconf 89' lang='lat' dir='ltr'><strong>tantae</strong></span> <span class='ocrx_word' id='word_1_145' title='bbox 702 1782 859 1841; x_wconf 88' lang='lat' dir='ltr'><strong>maiestatis</strong></span> <span class='ocrx_word' id='word_1_146' title='bbox 882 1791 912 1840; x_wconf 90' lang='lat' dir='ltr'><strong>et</strong></span> <span class='ocrx_word' id='word_1_147' title='bbox 934 1791 991 1840; x_wconf 88' lang='lat' dir='ltr'><strong>tam</strong></span> <span class='ocrx_word' id='word_1_148' title='bbox 1009 1783 1108 1841; x_wconf 84' lang='lat' dir='ltr'><strong>eximii</strong></span> 
     </span>
     <span class='ocr_line' id='line_1_19' title="bbox 90 1864 1107 1944; baseline 0.005 -23"><span class='ocrx_word' id='word_1_149' title='bbox 90 1868 182 1926; x_wconf 85' lang='lat' dir='ltr'><strong>amoris</strong></span> <span class='ocrx_word' id='word_1_150' title='bbox 201 1866 267 1926; x_wconf 90' lang='lat' dir='ltr'><strong>lesu</strong></span> <span class='ocrx_word' id='word_1_151' title='bbox 287 1865 393 1924; x_wconf 83' lang='lat' dir='ltr'><strong>Christi</strong></span> <span class='ocrx_word' id='word_1_152' title='bbox 412 1864 525 1924; x_wconf 87' lang='lat' dir='ltr'><strong>Domini</strong></span> <span class='ocrx_word' id='word_1_153' title='bbox 544 1867 644 1936; x_wconf 89' lang='lat' dir='ltr'><strong>nostri,</strong></span> <span class='ocrx_word' id='word_1_154' title='bbox 665 1867 712 1944; x_wconf 92' lang='lat' dir='ltr'><strong>qui</strong></span> <span class='ocrx_word' id='word_1_155' title='bbox 731 1865 866 1926; x_wconf 86' lang='lat' dir='ltr'><strong>dilectam</strong></span> <span class='ocrx_word' id='word_1_156' title='bbox 878 1867 1010 1925; x_wconf 27' lang='lat' dir='ltr'><strong>,animam</strong></span> <span class='ocrx_word' id='word_1_157' title='bbox 1028 1885 1107 1926; x_wconf 82' lang='lat' dir='ltr'><strong>suam</strong></span> 
     </span>
     <span class='ocr_line' id='line_1_20' title="bbox 89 1949 1107 2028; baseline 0.004 -22"><span class='ocrx_word' id='word_1_158' title='bbox 89 1951 112 2007; x_wconf 92' lang='lat' dir='ltr'><strong>in</strong></span> <span class='ocrx_word' id='word_1_159' title='bbox 128 1961 238 2011; x_wconf 87' lang='lat' dir='ltr'><strong>nostrae</strong></span> <span class='ocrx_word' id='word_1_160' title='bbox 257 1951 357 2010; x_wconf 89' lang='lat' dir='ltr'><strong>salutis</strong></span> <span class='ocrx_word' id='word_1_161' title='bbox 375 1951 550 2028; x_wconf 80' lang='lat' dir='ltr'><strong>pretium⁶)‚</strong></span> <span class='ocrx_word' id='word_1_162' title='bbox 579 1961 609 2009; x_wconf 89' lang='lat' dir='ltr'><strong>et</strong></span> <span class='ocrx_word' id='word_1_163' title='bbox 627 1969 741 2009; x_wconf 85' lang='lat' dir='ltr'><strong>carnem</strong></span> <span class='ocrx_word' id='word_1_164' title='bbox 764 1969 842 2010; x_wconf 87' lang='lat' dir='ltr'><strong>suam</strong></span> <span class='ocrx_word' id='word_1_165' title='bbox 866 1951 947 2010; x_wconf 91' lang='lat' dir='ltr'><strong>nobis</strong></span> <span class='ocrx_word' id='word_1_166' title='bbox 971 1949 1052 2010; x_wconf 86' lang='lat' dir='ltr'><strong>dedit</strong></span> <span class='ocrx_word' id='word_1_167' title='bbox 1070 1949 1107 2010; x_wconf 90' lang='lat' dir='ltr'><strong>ad</strong></span> 
     </span>
     <span class='ocr_line' id='line_1_21' title="bbox 89 2034 1107 2114; baseline 0.002 -22"><span class='ocrx_word' id='word_1_168' title='bbox 89 2034 312 2107; x_wconf 89' lang='lat' dir='ltr'><strong>manducandum,</strong></span> <span class='ocrx_word' id='word_1_169' title='bbox 331 2034 404 2095; x_wconf 87' lang='lat' dir='ltr'><strong>haec</strong></span> <span class='ocrx_word' id='word_1_170' title='bbox 423 2054 505 2095; x_wconf 88' lang='lat' dir='ltr'><strong>sacra</strong></span> <span class='ocrx_word' id='word_1_171' title='bbox 524 2036 662 2114; x_wconf 86' lang='lat' dir='ltr'><strong>mysteria</strong></span> <span class='ocrx_word' id='word_1_172' title='bbox 679 2038 811 2114; x_wconf 89' lang='lat' dir='ltr'><strong>corporis</strong></span> <span class='ocrx_word' id='word_1_173' title='bbox 834 2047 865 2097; x_wconf 89' lang='lat' dir='ltr'><strong>et</strong></span> <span class='ocrx_word' id='word_1_174' title='bbox 881 2036 1026 2114; x_wconf 83' lang='lat' dir='ltr'><strong>sanguinis</strong></span> <span class='ocrx_word' id='word_1_175' title='bbox 1045 2037 1107 2095; x_wconf 89' lang='lat' dir='ltr'><strong>eius</strong></span> 
     </span>
    </p>

    <p class='ocr_par' dir='ltr' id='par_1_3' title="bbox 49 2115 1182 2780">
     <span class='ocr_line' id='line_1_22' title="bbox 49 2115 1106 2203; baseline 0.003 -26"><span class='ocrx_word' id='word_1_176' title='bbox 49 2115 52 2124; x_wconf 80' lang='grc'><strong>“</strong></span> <span class='ocrx_word' id='word_1_177' title='bbox 89 2139 119 2178; x_wconf 89' lang='lat' dir='ltr'><strong>ea</strong></span> <span class='ocrx_word' id='word_1_178' title='bbox 134 2121 197 2182; x_wconf 86' lang='lat' dir='ltr'><strong>fidei</strong></span> <span class='ocrx_word' id='word_1_179' title='bbox 219 2123 383 2182; x_wconf 88' lang='lat' dir='ltr'><strong>constantia</strong></span> <span class='ocrx_word' id='word_1_180' title='bbox 405 2131 437 2180; x_wconf 89' lang='lat' dir='ltr'><strong>ct</strong></span> <span class='ocrx_word' id='word_1_181' title='bbox 457 2121 604 2193; x_wconf 85' lang='lat' dir='ltr'><strong>firmitate,</strong></span> <span class='ocrx_word' id='word_1_182' title='bbox 633 2141 669 2180; x_wconf 93' lang='lat' dir='ltr'><strong>ea</strong></span> <span class='ocrx_word' id='word_1_183' title='bbox 686 2123 772 2180; x_wconf 85' lang='lat' dir='ltr'><strong>animi</strong></span> <span class='ocrx_word' id='word_1_184' title='bbox 791 2120 958 2194; x_wconf 88' lang='lat' dir='ltr'><strong>devotione,</strong></span> <span class='ocrx_word' id='word_1_185' title='bbox 987 2141 1023 2182; x_wconf 80' lang='lat' dir='ltr'><strong>ee</strong></span> <span class='ocrx_word' id='word_1_186' title='bbox 1044 2123 1106 2203; x_wconf 87' lang='lat' dir='ltr'><strong>pie-</strong></span> 
     </span>
     <span class='ocr_line' id='line_1_23' title="bbox 90 2205 1107 2294; baseline 0.006 -32"><span class='ocrx_word' id='word_1_187' title='bbox 90 2215 138 2265; x_wconf 92' lang='lat' dir='ltr'><strong>tate</strong></span> <span class='ocrx_word' id='word_1_188' title='bbox 156 2218 184 2267; x_wconf 91' lang='lat' dir='ltr'><strong>et</strong></span> <span class='ocrx_word' id='word_1_189' title='bbox 201 2210 281 2268; x_wconf 89' lang='lat' dir='ltr'><strong>cultu</strong></span> <span class='ocrx_word' id='word_1_190' title='bbox 300 2205 420 2266; x_wconf 87' lang='lat' dir='ltr'><strong>credant</strong></span> <span class='ocrx_word' id='word_1_191' title='bbox 438 2217 468 2266; x_wconf 93' lang='lat' dir='ltr'><strong>et</strong></span> <span class='ocrx_word' id='word_1_192' title='bbox 483 2217 671 2279; x_wconf 86' lang='lat' dir='ltr'><strong>venerentur,</strong></span> <span class='ocrx_word' id='word_1_193' title='bbox 690 2218 721 2265; x_wconf 95' lang='lat' dir='ltr'><strong>ut</strong></span> <span class='ocrx_word' id='word_1_194' title='bbox 738 2227 840 2286; x_wconf 87' lang='lat' dir='ltr'><strong>panem</strong></span> <span class='ocrx_word' id='word_1_195' title='bbox 858 2208 935 2267; x_wconf 90' lang='lat' dir='ltr'><strong>illum</strong></span> <span class='ocrx_word' id='word_1_196' title='bbox 953 2209 1107 2294; x_wconf 77' lang='lat' dir='ltr'><strong>supersub-</strong></span> 
     </span>
     <span class='ocr_line' id='line_1_24' title="bbox 90 2293 1142 2372; baseline 0 -24"><span class='ocrx_word' id='word_1_197' title='bbox 90 2293 235 2352; x_wconf 90' lang='lat' dir='ltr'><strong>stantialem</strong></span> <span class='ocrx_word' id='word_1_198' title='bbox 255 2295 424 2372; x_wconf 71' lang='lat' dir='ltr'><strong>Frequenter</strong></span> <span class='ocrx_word' id='word_1_199' title='bbox 441 2295 588 2370; x_wconf 84' lang='lat' dir='ltr'><strong>suscipere</strong></span> <span class='ocrx_word' id='word_1_200' title='bbox 605 2293 725 2372; x_wconf 89' lang='lat' dir='ltr'><strong>possint,</strong></span> <span class='ocrx_word' id='word_1_201' title='bbox 744 2304 775 2352; x_wconf 89' lang='lat' dir='ltr'><strong>et</strong></span> <span class='ocrx_word' id='word_1_202' title='bbox 796 2295 820 2352; x_wconf 89' lang='lat' dir='ltr'><strong>is</strong></span> <span class='ocrx_word' id='word_1_203' title='bbox 837 2311 907 2352; x_wconf 86' lang='lat' dir='ltr'><strong>vere</strong></span> <span class='ocrx_word' id='word_1_204' title='bbox 925 2295 967 2352; x_wconf 92' lang='lat' dir='ltr'><strong>eis</strong></span> <span class='ocrx_word' id='word_1_205' title='bbox 990 2295 1028 2354; x_wconf 89' lang='lat' dir='ltr'><strong>sit</strong></span> <span class='ocrx_word' id='word_1_206' title='bbox 1045 2297 1142 2352; x_wconf 83' lang='lat' dir='ltr'><strong>ani-tr</strong></span> 
     </span>
     <span class='ocr_line' id='line_1_25' title="bbox 90 2378 1107 2459; baseline 0.004 -25"><span class='ocrx_word' id='word_1_207' title='bbox 90 2396 141 2436; x_wconf 87' lang='lat' dir='ltr'><strong>nae</strong></span> <span class='ocrx_word' id='word_1_208' title='bbox 157 2381 223 2450; x_wconf 84' lang='lat' dir='ltr'><strong>vita,</strong></span> <span class='ocrx_word' id='word_1_209' title='bbox 243 2390 275 2439; x_wconf 88' lang='lat' dir='ltr'><strong>et</strong></span> <span class='ocrx_word' id='word_1_210' title='bbox 296 2388 436 2458; x_wconf 87' lang='lat' dir='ltr'><strong>perpetua</strong></span> <span class='ocrx_word' id='word_1_211' title='bbox 458 2380 564 2437; x_wconf 89' lang='lat' dir='ltr'><strong>sanitas</strong></span> <span class='ocrx_word' id='word_1_212' title='bbox 582 2379 698 2450; x_wconf 87' lang='lat' dir='ltr'><strong>mentis,</strong></span> <span class='ocrx_word' id='word_1_213' title='bbox 727 2378 807 2439; x_wconf 91' lang='lat' dir='ltr'><strong>cuius</strong></span> <span class='ocrx_word' id='word_1_214' title='bbox 823 2379 926 2459; x_wconf 81' lang='lat' dir='ltr'><strong>vigore</strong></span> <span class='ocrx_word' id='word_1_215' title='bbox 949 2380 1107 2440; x_wconf 84' lang='lat' dir='ltr'><strong>confortati</strong></span> 
     </span>
     <span class='ocr_line' id='line_1_26' title="bbox 91 2463 1182 2544; baseline 0.005 -26"><span class='ocrx_word' id='word_1_216' title='bbox 91 2479 121 2518; x_wconf 83' lang='lat' dir='ltr'><strong>er</strong></span> <span class='ocrx_word' id='word_1_217' title='bbox 136 2463 213 2524; x_wconf 91' lang='lat' dir='ltr'><strong>huius</strong></span> <span class='ocrx_word' id='word_1_218' title='bbox 231 2466 355 2524; x_wconf 87' lang='lat' dir='ltr'><strong>miserae</strong></span> <span class='ocrx_word' id='word_1_219' title='bbox 374 2464 615 2543; x_wconf 81' lang='lat' dir='ltr'><strong>peregrinationis</strong></span> <span class='ocrx_word' id='word_1_220' title='bbox 633 2465 737 2523; x_wconf 89' lang='lat' dir='ltr'><strong>itinere</strong></span> <span class='ocrx_word' id='word_1_221' title='bbox 756 2463 793 2523; x_wconf 89' lang='lat' dir='ltr'><strong>ad</strong></span> <span class='ocrx_word' id='word_1_222' title='bbox 811 2465 967 2524; x_wconf 85' lang='lat' dir='ltr'><strong>coelestem</strong></span> <span class='ocrx_word' id='word_1_223' title='bbox 984 2466 1106 2544; x_wconf 87' lang='lat' dir='ltr'><strong>patriam</strong></span> <span class='ocrx_word' id='word_1_224' title='bbox 1177 2475 1182 2491; x_wconf 67' lang='lat'>⁸</span> 
     </span>
     <span class='ocr_line' id='line_1_27' title="bbox 90 2547 1106 2629; baseline 0.003 -24"><span class='ocrx_word' id='word_1_225' title='bbox 90 2552 226 2623; x_wconf 87' lang='lat' dir='ltr'><strong>pervenire</strong></span> <span class='ocrx_word' id='word_1_226' title='bbox 248 2550 379 2619; x_wconf 87' lang='lat' dir='ltr'><strong>valeant,</strong></span> <span class='ocrx_word' id='word_1_227' title='bbox 407 2548 528 2608; x_wconf 89' lang='lat' dir='ltr'><strong>eundem</strong></span> <span class='ocrx_word' id='word_1_228' title='bbox 554 2568 656 2629; x_wconf 88' lang='lat' dir='ltr'><strong>panem</strong></span> <span class='ocrx_word' id='word_1_229' title='bbox 683 2547 899 2627; x_wconf 62' lang='lat' dir='ltr'><strong>angelomus),</strong></span> <span class='ocrx_word' id='word_1_230' title='bbox 919 2569 1001 2628; x_wconf 88' lang='lat' dir='ltr'><strong>quem</strong></span> <span class='ocrx_word' id='word_1_231' title='bbox 1020 2549 1106 2609; x_wconf 90' lang='lat' dir='ltr'><strong>modo</strong></span> 
     </span>
     <span class='ocr_line' id='line_1_28' title="bbox 90 2632 1108 2715; baseline 0.007 -28"><span class='ocrx_word' id='word_1_232' title='bbox 90 2632 132 2691; x_wconf 91' lang='lat' dir='ltr'><strong>suh</strong></span> <span class='ocrx_word' id='word_1_233' title='bbox 157 2635 458 2696; x_wconf 71' lang='lat' dir='ltr'><strong>sacris&#39;velaminibus</strong></span> <span class='ocrx_word' id='word_1_234' title='bbox 485 2633 591 2706; x_wconf 88' lang='lat' dir='ltr'><strong>edunt,</strong></span> <span class='ocrx_word' id='word_1_235' title='bbox 628 2635 734 2715; x_wconf 87' lang='lat' dir='ltr'><strong>absque</strong></span> <span class='ocrx_word' id='word_1_236' title='bbox 766 2636 824 2694; x_wconf 92' lang='lat' dir='ltr'><strong>ullo</strong></span> <span class='ocrx_word' id='word_1_237' title='bbox 855 2635 995 2695; x_wconf 83' lang='lat' dir='ltr'><strong>velamine</strong></span> <span class='ocrx_word' id='word_1_238' title='bbox 1028 2654 1108 2694; x_wconf 89' lang='lat' dir='ltr'><strong>man·</strong></span> 
     </span>
     <span class='ocr_line' id='line_1_29' title="bbox 90 2713 216 2780; baseline 0.048 -6"><span class='ocrx_word' id='word_1_239' title='bbox 90 2713 216 2780; x_wconf 82' lang='lat' dir='ltr'><strong>duraturi.</strong></span> 
     </span>
    </p>

    <p class='ocr_par' dir='ltr' id='par_1_4' title="bbox 91 2804 1109 3206">
     <span class='ocr_line' id='line_1_30' title="bbox 164 2804 1108 2879; baseline -0.001 -14"><span class='ocrx_word' id='word_1_240' title='bbox 164 2806 302 2879; x_wconf 81' lang='lat' dir='ltr'><strong>Quoniam</strong></span> <span class='ocrx_word' id='word_1_241' title='bbox 320 2816 415 2865; x_wconf 88' lang='lat' dir='ltr'><strong>autem</strong></span> <span class='ocrx_word' id='word_1_242' title='bbox 432 2824 490 2864; x_wconf 89' lang='lat' dir='ltr'><strong>non</strong></span> <span class='ocrx_word' id='word_1_243' title='bbox 508 2815 554 2864; x_wconf 89' lang='lat' dir='ltr'><strong>est</strong></span> <span class='ocrx_word' id='word_1_244' title='bbox 570 2807 638 2864; x_wconf 86' lang='lat' dir='ltr'><strong>satis</strong></span> <span class='ocrx_word' id='word_1_245' title='bbox 656 2808 806 2866; x_wconf 87' lang='lat' dir='ltr'><strong>veritatem</strong></span> <span class='ocrx_word' id='word_1_246' title='bbox 825 2804 924 2866; x_wconf 86' lang='lat' dir='ltr'><strong>dicere</strong></span> <span class='ocrx_word' id='word_1_247' title='bbox 953 2808 1007 2866; x_wconf 88' lang='lat' dir='ltr'><strong>nisi</strong></span> <span class='ocrx_word' id='word_1_248' title='bbox 1026 2805 1108 2866; x_wconf 89' lang='lat' dir='ltr'><strong>dete·</strong></span> 
     </span>
     <span class='ocr_line' id='line_1_31' title="bbox 91 2890 1108 2970; baseline 0.005 -26"><span class='ocrx_word' id='word_1_249' title='bbox 91 2900 181 2963; x_wconf 81' lang='lat' dir='ltr'><strong>gantur</strong></span> <span class='ocrx_word' id='word_1_250' title='bbox 198 2903 228 2952; x_wconf 92' lang='lat' dir='ltr'><strong>et</strong></span> <span class='ocrx_word' id='word_1_251' title='bbox 244 2892 415 2952; x_wconf 83' lang='lat' dir='ltr'><strong>refellantur</strong></span> <span class='ocrx_word' id='word_1_252' title='bbox 432 2909 561 2950; x_wconf 86' lang='lat' dir='ltr'><strong>errores:</strong></span> <span class='ocrx_word' id='word_1_253' title='bbox 596 2892 705 2970; x_wconf 86' lang='lat' dir='ltr'><strong>placuit</strong></span> <span class='ocrx_word' id='word_1_254' title='bbox 722 2903 838 2952; x_wconf 88' lang='lat' dir='ltr'><strong>sanctae</strong></span> <span class='ocrx_word' id='word_1_255' title='bbox 857 2890 968 2970; x_wconf 81' lang='lat' dir='ltr'><strong>synodo</strong></span> <span class='ocrx_word' id='word_1_256' title='bbox 987 2891 1039 2950; x_wconf 90' lang='lat' dir='ltr'><strong>hos</strong></span> <span class='ocrx_word' id='word_1_257' title='bbox 1058 2910 1108 2949; x_wconf 88' lang='lat' dir='ltr'><strong>ca·</strong></span> 
     </span>
     <span class='ocr_line' id='line_1_32' title="bbox 91 2974 1106 3056; baseline 0.005 -28"><span class='ocrx_word' id='word_1_258' title='bbox 91 2990 169 3035; x_wconf 90' lang='lat' dir='ltr'><strong>nones</strong></span> <span class='ocrx_word' id='word_1_259' title='bbox 194 2977 383 3056; x_wconf 83' lang='lat' dir='ltr'><strong>subiungere,</strong></span> <span class='ocrx_word' id='word_1_260' title='bbox 411 2987 443 3036; x_wconf 90' lang='lat' dir='ltr'><strong>ut</strong></span> <span class='ocrx_word' id='word_1_261' title='bbox 461 2995 574 3049; x_wconf 90' lang='lat' dir='ltr'><strong>omncs,</strong></span> <span class='ocrx_word' id='word_1_262' title='bbox 593 2978 649 3036; x_wconf 89' lang='lat' dir='ltr'><strong>iam</strong></span> <span class='ocrx_word' id='word_1_263' title='bbox 672 2977 769 3055; x_wconf 81' lang='lat' dir='ltr'><strong>agnita</strong></span> <span class='ocrx_word' id='word_1_264' title='bbox 797 2974 941 3036; x_wconf 88' lang='lat' dir='ltr'><strong>catholiea</strong></span> <span class='ocrx_word' id='word_1_265' title='bbox 963 2974 1106 3044; x_wconf 89' lang='lat' dir='ltr'><strong>doctrina,</strong></span> 
     </span>
     <span class='ocr_line' id='line_1_33' title="bbox 91 3057 1109 3199; baseline 0.002 -81"><span class='ocrx_word' id='word_1_266' title='bbox 91 3057 240 3199; x_wconf 75' lang='lat' dir='ltr'><strong>iptclligant</strong></span> <span class='ocrx_word' id='word_1_267' title='bbox 267 3081 398 3146; x_wconf 88' lang='lat' dir='ltr'><strong>quoque,</strong></span> <span class='ocrx_word' id='word_1_268' title='bbox 430 3082 502 3141; x_wconf 88' lang='lat' dir='ltr'><strong>quae</strong></span> <span class='ocrx_word' id='word_1_269' title='bbox 530 3061 565 3120; x_wconf 90' lang='lat' dir='ltr'><strong>ab</strong></span> <span class='ocrx_word' id='word_1_270' title='bbox 592 3063 649 3121; x_wconf 90' lang='lat' dir='ltr'><strong>illis</strong></span> <span class='ocrx_word' id='word_1_271' title='bbox 680 3063 816 3122; x_wconf 85' lang='lat' dir='ltr'><strong>haereses</strong></span> <span class='ocrx_word' id='word_1_272' title='bbox 843 3062 940 3122; x_wconf 89' lang='lat' dir='ltr'><strong>caveri</strong></span> <span class='ocrx_word' id='word_1_273' title='bbox 965 3061 1109 3140; x_wconf 84' lang='lat' dir='ltr'><strong>vitariqne</strong></span> 
     </span>
     <span class='ocr_line' id='line_1_34' title="bbox 107 3144 212 3206; baseline 0.057 -5"><span class='ocrx_word' id='word_1_274' title='bbox 107 3144 212 3206; x_wconf 86' lang='lat' dir='ltr'><strong>ebeant.</strong></span> 
     </span>
    </p>
   </div>
   <div class='ocr_carea' id='block_1_3' title="bbox 132 3270 1057 3321">
    <p class='ocr_par' dir='ltr' id='par_1_5' title="bbox 132 3270 1057 3321">
     <span class='ocr_line' id='line_1_35' title="bbox 132 3270 1057 3321; baseline 0.003 -6"><span class='ocrx_word' id='word_1_275' title='bbox 132 3270 177 3317; x_wconf 72' lang='lat' dir='ltr'><strong>litt</strong></span> <span class='ocrx_word' id='word_1_276' title='bbox 199 3273 454 3321; x_wconf 73' lang='lat' dir='ltr'><strong>sancrtsstruo</strong></span> <span class='ocrx_word' id='word_1_277' title='bbox 476 3273 768 3320; x_wconf 77' lang='lat' dir='ltr'><strong>muenanls&#39;rlatt</strong></span> <span class='ocrx_word' id='word_1_278' title='bbox 788 3272 1057 3320; x_wconf 73' lang='lat' dir='ltr'>SACRAMENTO.</span> 
     </span>
    </p>
   </div>
   <div class='ocr_carea' id='block_1_4' title="bbox 93 3351 1130 3788">
    <p class='ocr_par' dir='ltr' id='par_1_6' title="bbox 93 3351 1130 3788">
     <span class='ocr_line' id='line_1_36' title="bbox 166 3351 1108 3434; baseline 0.002 -24"><span class='ocrx_word' id='word_1_279' title='bbox 166 3351 234 3412; x_wconf 79' lang='lat' dir='ltr'><strong>Can.</strong></span> <span class='ocrx_word' id='word_1_280' title='bbox 254 3354 277 3413; x_wconf 92' lang='lat' dir='ltr'><strong>l.</strong></span> <span class='ocrx_word' id='word_1_281' title='bbox 313 3352 346 3413; x_wconf 87' lang='lat' dir='ltr'><strong>st</strong></span> <span class='ocrx_word' id='word_1_282' title='bbox 364 3355 426 3434; x_wconf 89' lang='lat' dir='ltr'><strong>quis</strong></span> <span class='ocrx_word' id='word_1_283' title='bbox 444 3354 641 3434; x_wconf 57' lang='lat' dir='ltr'><strong>negaverim),</strong></span> <span class='ocrx_word' id='word_1_284' title='bbox 660 3355 689 3414; x_wconf 91' lang='lat' dir='ltr'><strong>iu</strong></span> <span class='ocrx_word' id='word_1_285' title='bbox 704 3355 898 3415; x_wconf 88' lang='lat' dir='ltr'><strong>sanctissimae</strong></span> <span class='ocrx_word' id='word_1_286' title='bbox 916 3353 1108 3414; x_wconf 89' lang='lat' dir='ltr'><strong>eucharistiae</strong></span> 
     </span>
     <span class='ocr_line' id='line_1_37' title="bbox 93 3440 1108 3518; baseline 0.011 -32"><span class='ocrx_word' id='word_1_287' title='bbox 93 3447 259 3498; x_wconf 85' lang='lat' dir='ltr'><strong>sacramento</strong></span> <span class='ocrx_word' id='word_1_288' title='bbox 283 3440 426 3508; x_wconf 88' lang='lat' dir='ltr'><strong>contineri</strong></span> <span class='ocrx_word' id='word_1_289' title='bbox 446 3458 530 3511; x_wconf 83' lang='lat' dir='ltr'><strong>vere,</strong></span> <span class='ocrx_word' id='word_1_290' title='bbox 558 3441 677 3512; x_wconf 84' lang='lat' dir='ltr'><strong>realiter</strong></span> <span class='ocrx_word' id='word_1_291' title='bbox 699 3450 730 3501; x_wconf 91' lang='lat' dir='ltr'><strong>et</strong></span> <span class='ocrx_word' id='word_1_292' title='bbox 751 3440 977 3501; x_wconf 87' lang='lat' dir='ltr'><strong>substantialiter</strong></span> <span class='ocrx_word' id='word_1_293' title='bbox 1004 3457 1108 3518; x_wconf 90' lang='lat' dir='ltr'><strong>corpus</strong></span> 
     </span>
     <span class='ocr_line' id='line_1_38' title="bbox 94 3525 1109 3600; baseline 0.008 -22"><span class='ocrx_word' id='word_1_294' title='bbox 94 3527 119 3574; x_wconf 78' lang='lat' dir='ltr'><strong>et</strong></span> <span class='ocrx_word' id='word_1_295' title='bbox 133 3525 294 3600; x_wconf 79' lang='lat' dir='ltr'><strong>sanguinem</strong></span> <span class='ocrx_word' id='word_1_296' title='bbox 312 3545 368 3584; x_wconf 83' lang='lat' dir='ltr'><strong>una</strong></span> <span class='ocrx_word' id='word_1_297' title='bbox 387 3544 451 3585; x_wconf 83' lang='lat' dir='ltr'><strong>curu</strong></span> <span class='ocrx_word' id='word_1_298' title='bbox 469 3525 562 3584; x_wconf 84' lang='lat' dir='ltr'><strong>anima</strong></span> <span class='ocrx_word' id='word_1_299' title='bbox 581 3537 611 3586; x_wconf 90' lang='lat' dir='ltr'><strong>et</strong></span> <span class='ocrx_word' id='word_1_300' title='bbox 630 3525 777 3587; x_wconf 88' lang='lat' dir='ltr'><strong>divinitate</strong></span> <span class='ocrx_word' id='word_1_301' title='bbox 801 3525 915 3586; x_wconf 89' lang='lat' dir='ltr'><strong>Domini</strong></span> <span class='ocrx_word' id='word_1_302' title='bbox 934 3527 1024 3585; x_wconf 90' lang='lat' dir='ltr'><strong>nostri</strong></span> <span class='ocrx_word' id='word_1_303' title='bbox 1042 3526 1109 3586; x_wconf 92' lang='lat' dir='ltr'><strong>lesu</strong></span> 
     </span>
     <span class='ocr_line' id='line_1_39' title="bbox 94 3598 1129 3693; baseline 0.007 -29"><span class='ocrx_word' id='word_1_304' title='bbox 94 3598 199 3679; x_wconf 77' lang='lat' dir='ltr'><strong>Christi,</strong></span> <span class='ocrx_word' id='word_1_305' title='bbox 217 3629 251 3669; x_wconf 88' lang='lat' dir='ltr'><strong>ac</strong></span> <span class='ocrx_word' id='word_1_306' title='bbox 268 3610 400 3691; x_wconf 77' lang='lat' dir='ltr'><strong>proinde,</strong></span> <span class='ocrx_word' id='word_1_307' title='bbox 413 3620 502 3670; x_wconf 89' lang='lat' dir='ltr'><strong>totum</strong></span> <span class='ocrx_word' id='word_1_308' title='bbox 526 3610 682 3685; x_wconf 78' lang='lat' dir='ltr'><strong>Christum3</strong></span> <span class='ocrx_word' id='word_1_309' title='bbox 711 3611 763 3673; x_wconf 90' lang='lat' dir='ltr'><strong>sed</strong></span> <span class='ocrx_word' id='word_1_310' title='bbox 785 3610 892 3672; x_wconf 87' lang='lat' dir='ltr'><strong>dixerit</strong></span> <span class='ocrx_word' id='word_1_311' title='bbox 913 3609 1107 3672; x_wconf 90' lang='lat' dir='ltr'><strong>tantummodo</strong></span> <span class='ocrx_word' id='word_1_312' title='bbox 1124 3624 1129 3693; x_wconf 70' lang='lat'><strong>¹,</strong></span> 
     </span>
     <span class='ocr_line' id='line_1_40' title="bbox 95 3694 1130 3788; baseline 0.012 -45"><span class='ocrx_word' id='word_1_313' title='bbox 95 3702 150 3746; x_wconf 85' lang='lat' dir='ltr'><strong>csse</strong></span> <span class='ocrx_word' id='word_1_314' title='bbox 167 3694 195 3750; x_wconf 90' lang='lat' dir='ltr'><strong>in</strong></span> <span class='ocrx_word' id='word_1_315' title='bbox 214 3713 259 3766; x_wconf 90' lang='lat' dir='ltr'><strong>eo,</strong></span> <span class='ocrx_word' id='word_1_316' title='bbox 278 3707 309 3755; x_wconf 91' lang='lat' dir='ltr'><strong>ut</strong></span> <span class='ocrx_word' id='word_1_317' title='bbox 327 3697 355 3755; x_wconf 89' lang='lat' dir='ltr'><strong>in</strong></span> <span class='ocrx_word' id='word_1_318' title='bbox 365 3697 469 3788; x_wconf 56' lang='lat' dir='ltr'><em>Q</em></span> <span class='ocrx_word' id='word_1_319' title='bbox 485 3697 532 3755; x_wconf 83' lang='lat' dir='ltr'><strong>vel</strong></span> <span class='ocrx_word' id='word_1_320' title='bbox 548 3696 651 3780; x_wconf 9' lang='lat' dir='ltr'><strong>*ligura</strong></span> <span class='ocrx_word' id='word_1_321' title='bbox 671 3710 720 3758; x_wconf 88' lang='lat' dir='ltr'><strong>aut</strong></span> <span class='ocrx_word' id='word_1_322' title='bbox 736 3700 856 3783; x_wconf 67' lang='lat' dir='ltr'><strong>uirtute:</strong></span> <span class='ocrx_word' id='word_1_323' title='bbox 891 3699 1042 3757; x_wconf 87' lang='lat' dir='ltr'><strong>anathema</strong></span> <span class='ocrx_word' id='word_1_324' title='bbox 1060 3697 1106 3756; x_wconf 78' lang='lat' dir='ltr'><strong>sit</strong></span> <span class='ocrx_word' id='word_1_325' title='bbox 1125 3706 1130 3762; x_wconf 79' lang='lat' dir='ltr'><strong>t</strong></span> 
     </span>
    </p>
   </div>
   <div class='ocr_carea' id='block_1_5' title="bbox 97 3793 293 3817">
    <p class='ocr_par' dir='ltr' id='par_1_7' title="bbox 97 3793 293 3817">
     <span class='ocr_line' id='line_1_41' title="bbox 97 3793 293 3817; baseline 0 0"><span class='ocrx_word' id='word_1_326' title='bbox 97 3793 293 3817; x_wconf 39' lang='lat' dir='ltr'><strong>Q·—</strong></span> 
     </span>
    </p>
   </div>
   <div class='ocr_carea' id='block_1_6' title="bbox 97 3833 1109 4008">
    <p class='ocr_par' dir='ltr' id='par_1_8' title="bbox 97 3833 1109 4008">
     <span class='ocr_line' id='line_1_42' title="bbox 97 3833 1109 3941; baseline -0.02 -39"><span class='ocrx_word' id='word_1_327' title='bbox 97 3833 295 3936; x_wconf 49' lang='lat' dir='ltr'><strong>,ffsffiltt</strong></span> <span class='ocrx_word' id='word_1_328' title='bbox 323 3845 345 3898; x_wconf 81' lang='lat' dir='ltr'><strong>o</strong></span> <span class='ocrx_word' id='word_1_329' title='bbox 358 3843 411 3889; x_wconf 67' lang='lat' dir='ltr'><strong>oar.</strong></span> <span class='ocrx_word' id='word_1_330' title='bbox 421 3844 450 3890; x_wconf 87' lang='lat' dir='ltr'><strong>v.</strong></span> <span class='ocrx_word' id='word_1_331' title='bbox 460 3847 480 3889; x_wconf 84' lang='lat' dir='ltr'><strong>c.</strong></span> <span class='ocrx_word' id='word_1_332' title='bbox 495 3868 520 3879; x_wconf 86' lang='lat'><em>-</em></span> <span class='ocrx_word' id='word_1_333' title='bbox 545 3845 609 3941; x_wconf 61' lang='lat' dir='ltr'><strong>ppos.</strong></span> <span class='ocrx_word' id='word_1_334' title='bbox 620 3845 710 3912; x_wconf 29' lang='lat' dir='ltr'><strong>araas.</strong></span> <span class='ocrx_word' id='word_1_335' title='bbox 720 3851 741 3892; x_wconf 81' lang='lat' dir='ltr'><strong>a</strong></span> <span class='ocrx_word' id='word_1_336' title='bbox 759 3872 786 3882; x_wconf 89' lang='lat'><em>-</em></span> <span class='ocrx_word' id='word_1_337' title='bbox 810 3851 833 3902; x_wconf 76' lang='lat' dir='ltr'><strong>a)</strong></span> <span class='ocrx_word' id='word_1_338' title='bbox 843 3846 926 3892; x_wconf 63' lang='lat' dir='ltr'><strong>naon.</strong></span> <span class='ocrx_word' id='word_1_339' title='bbox 941 3845 1025 3890; x_wconf 82' lang='lat' dir='ltr'><strong>xxm</strong></span> <span class='ocrx_word' id='word_1_340' title='bbox 1040 3850 1072 3889; x_wconf 78' lang='grc' dir='ltr'><strong>ιι,</strong></span> <span class='ocrx_word' id='word_1_341' title='bbox 1082 3867 1109 3881; x_wconf 95' lang='lat'><strong>..</strong></span> 
     </span>
     <span class='ocr_line' id='line_1_43' title="bbox 98 3893 1107 4008; baseline -0.015 -27"><span class='ocrx_word' id='word_1_342' title='bbox 98 3951 119 3964; x_wconf 72' lang='lat'><em>-</em></span> <span class='ocrx_word' id='word_1_343' title='bbox 140 3917 159 3991; x_wconf 73' lang='lat' dir='ltr'><strong>it</strong></span> <span class='ocrx_word' id='word_1_344' title='bbox 168 3921 230 3987; x_wconf 72' lang='lat' dir='ltr'><strong>ldaa&#39;.</strong></span> <span class='ocrx_word' id='word_1_345' title='bbox 240 3893 382 4005; x_wconf 57' lang='lat' dir='ltr'><strong>Vlllldbllbdl.</strong></span> <span class='ocrx_word' id='word_1_346' title='bbox 393 3901 468 4004; x_wconf 62' lang='lat' dir='ltr'><strong>l-m‘l)¹</strong></span> <span class='ocrx_word' id='word_1_347' title='bbox 476 3896 562 3994; x_wconf 52' lang='lat' dir='ltr'><strong>ffslhlm.</strong></span> <span class='ocrx_word' id='word_1_348' title='bbox 570 3897 790 3997; x_wconf 44' lang='lat' dir='ltr'><strong>{tipivfirppfj</strong></span> <span class='ocrx_word' id='word_1_349' title='bbox 801 3905 869 4008; x_wconf 42' lang='lat'><strong>¹25⁰}</strong></span> <span class='ocrx_word' id='word_1_350' title='bbox 879 3897 1062 4008; x_wconf 37' lang='lat' dir='ltr'><strong>,fizgzlf&#39;ffu&#39;</strong></span> <span class='ocrx_word' id='word_1_351' title='bbox 1072 3899 1107 3941; x_wconf 59' lang='grc' dir='ltr'><strong>ῃ·</strong></span> 
     </span>
    </p>
   </div>
   <div class='ocr_carea' id='block_1_7' title="bbox 0 0 1338 4330">
    <p class='ocr_par' dir='ltr' id='par_1_9' title="bbox 0 0 1338 4330">
     <span class='ocr_line' id='line_1_44' title="bbox 0 0 1338 4330; baseline 0 0"><span class='ocrx_word' id='word_1_352' title='bbox 0 0 1338 4330; x_wconf 95' lang='lat' dir='ltr'><strong> </strong></span> 
     </span>
    </p>
   </div>
  </div>
 </body>
</html>
