2652 4330
299 313 444 370 888810
463 313 520 368 111.
545 313 600 370 DE
619 314 822 370 SYMBDLO
840 315 968 372 eruat.
1084 318 1135 376 1⁸

104 459 260 521 nistrorum
287 453 350 515 Dei.
404 451 452 514 Ad
479 454 565 527 baec,
595 474 678 533 quum
703 454 786 515 buius
813 459 991 519 sacrosancti
1018 458 1136 518 concilii

103 543 264 624 praecipua
283 559 365 616 cura,
388 537 553 600 sollicitudo
570 550 602 599 et
619 541 740 600 intentio
759 542 809 612 sit,
828 551 860 600 nt
876 543 1049 622 propulsatis
1066 545 1136 604 hae·

103 641 201 688 resnm
220 623 361 697 tenebris,
389 644 462 704 quac
485 644 539 704 per
561 635 604 684 tot
627 633 717 684 annos
740 636 916 705 operuerunt
937 638 1058 702 terrant,
1087 648 1136 690 oa·

103 714 235 775 tbolioae
256 711 386 770 veritatis
404 711 467 782 lux,
495 710 560 770 lesu
579 710 709 782 Christo,
738 712 785 789 qui
803 730 872 772 vera
891 712 939 772 lux
957 716 1058 788 est1),
1085 733 1137 774 an·

102 809 222 870 nuente,
242 794 351 856 candor
368 797 532 875 puritasque
551 795 709 874 refulgeat,
726 805 758 854 et
775 815 820 867 oa,
836 815 912 876 qnae
930 799 1136 860 reformatione

104 894 209 962 egent,
236 883 441 942 reformentur:
469 884 531 961 ipsa
557 879 684 960 synodus
706 881 838 940 hortatur
860 901 957 942 omnes
976 883 1137 944 catholicos

102 970 152 1029 bic
177 978 373 1046 congregatos
392 978 422 1027 et
440 964 675 1046 congregandos,
703 976 788 1045 atque
807 985 859 1026 eos
875 970 1060 1047 praesertim,
1089 970 1136 1048 qni

102 1073 252 1114 sacrarum
270 1054 418 1113 literarum
435 1055 567 1132 peritiam
586 1051 701 1124 liabent,
721 1061 752 1111 nt
769 1050 868 1112 sedula
886 1053 1073 1114 meditatione
1092 1052 1137 1114 di-

103 1141 234 1218 ligenter
249 1157 347 1198 secum
366 1139 420 1217 ipsi
440 1139 584 1217 cogitent,
613 1137 713 1216 quibus
731 1139 906 1216 potissimum
924 1140 978 1198 viis
996 1150 1026 1198 et
1044 1137 1136 1200 modis

102 1226 195 1304 ipsins
217 1221 321 1303 synodi
339 1217 460 1284 intentio
479 1222 582 1302 dirigi,
608 1233 638 1282 et
656 1233 781 1304 optatum
801 1224 934 1284 ellectum
952 1225 1051 1284 sortiti
1068 1245 1136 1304 pos·

103 1313 155 1381 sit,
185 1329 247 1390 quo
269 1309 405 1368 maturius
432 1319 462 1368 ct
485 1309 642 1368 consultius
664 1306 793 1368 damnari
815 1307 988 1382 damnanda,
1016 1321 1046 1368 et
1068 1329 1137 1389 pro·

103 1393 202 1454 banda
218 1395 338 1473 probari
356 1403 475 1473 queant,
498 1404 530 1453 nt
546 1413 600 1472 per
618 1403 707 1453 toturn
726 1395 825 1454 orbem
844 1415 942 1455 omnes
960 1415 1016 1455 nno
1036 1413 1087 1454 one
1106 1406 1137 1455 et

103 1479 208 1541 cadem
232 1479 299 1538 lidei
322 1481 504 1538 confessione
532 1479 696 1557 glorificent
718 1478 808 1540 Deum
831 1490 863 1541 et
884 1481 999 1540 Patrem
1022 1479 1136 1540 Domini
1178 1494 1184 1502 ·

103 1567 199 1626 nostri
217 1563 282 1624 lesu
301 1564 416 1623 Christi.

193 1650 225 1710 ln
243 1650 393 1710 sententiis
409 1669 479 1709 vero
499 1647 642 1722 dicendis,
666 1651 745 1714 iuxta
761 1650 894 1711 Toletani
914 1651 1029 1712 concilii
1047 1661 1135 1710 statn-
1144 1671 1169 1712 ιι

104 1747 165 1795 tum
178 1737 224 1810 ²),
247 1738 277 1794 in
295 1737 361 1795 loco
379 1734 591 1795 benedictionis
610 1734 826 1796 considentibus
844 1736 958 1797 Domini
975 1735 1137 1797 sacerdoti·

103 1823 174 1892 bns,
202 1820 295 1880 nullus
322 1819 428 1880 debeat
449 1831 499 1880 ant
520 1818 697 1880 immodestis
718 1822 838 1881 vocibns
859 1833 1059 1902 perstrepere,
1087 1832 1137 1880 ant

104 1906 272 1966 tumultibus
289 1905 470 1986 perturbare,
490 1905 574 1964 nullis
592 1906 678 1966 etiam
695 1907 775 1966 falsis
792 1909 909 1966 vanisve
923 1917 973 1966 ant
986 1908 1137 1967 obstinatis

104 1992 364 2070 disceptationibus
388 1989 581 2064 contenderc3
610 1989 662 2051 sed
689 1990 822 2070 quiequid
847 1991 961 2051 dicatur
982 1993 1025 2050 sic
1048 1991 1137 2052 mitis·

103 2079 178 2137 sima
194 2077 347 2137 vorborum
364 2077 527 2156 prolatione
546 2086 735 2155 temperetur,
755 2087 787 2135 nt
803 2097 858 2137 nec
876 2076 1026 2137 audientes
1044 2075 1137 2136 offen·

105 2162 220 2234 dantur,
239 2182 294 2224 nee
312 2164 386 2224 recti
405 2161 503 2222 iudicii
522 2164 601 2223 acies
618 2163 787 2242 perturbato
806 2164 900 2224 animo
919 2163 1091 2224 inflectatur.

193 2248 314 2329 lnsnpen
334 2249 396 2328 ipsa
414 2268 498 2309 saera
515 2246 641 2328 synodus
660 2251 759 2309 statuit
775 2270 810 2311 ae
829 2249 973 2322 docrevit,
997 2246 1088 2328 qnod,
1101 2249 1136 2308 vsi

104 2337 183 2395 sorte
203 2335 362 2412 contigerit
379 2334 489 2414 aliquos
508 2333 606 2394 debito
625 2337 654 2394 in
672 2336 739 2394 loco
758 2355 815 2395 non
833 2335 951 2406 sedere,
971 2344 1001 2393 et
1019 2344 1135 2394 senten-

5 2433 6 2436 ’
106 2423 176 2479 tiam
199 2421 285 2478 etiam
309 2420 360 2479 snb
382 2420 472 2479 verbo
494 2422 602 2480 Placet
619 2422 767 2500 proferre,
795 2419 1068 2500 congregationibus
1091 2421 1135 2480 in·

107 2515 233 2578 teresse,
262 2516 293 2565 et
318 2506 392 2565 alios
419 2524 602 2585 quoscunque
626 2516 707 2567 actus
729 2508 828 2568 iacere
851 2507 977 2566 concilio
1001 2503 1133 2575 duranto,

107 2591 176 2650 nulli
199 2602 356 2670 propterea
376 2590 583 2670 praeiudicium
611 2603 782 2669 generetur,
810 2593 934 2672 nullique
961 2611 1064 2651 novum
1092 2592 1134 2650 ios

106 2677 273 2755 acquiratur
284 2677 325 2750 3).

192 2763 310 2822 Deinde
328 2759 441 2822 indicto
450 2759 638 2841 suitsuturo
655 2766 745 2824 sessio
766 2764 806 2823 ud
819 2765 893 2822 diem
907 2764 986 2823 Iovis
1000 2771 1134 2841 quartam

105 2849 213 2914 utensis
230 2847 302 2906 Feb.
316 2850 455 2926 prouolue
472 2850 599 2906 venturi.

403 3109 585 3160 snssuo
627 3107 839 3173 annnam

419 3262 423 3270 1
509 3206 739 3256 osnnnnnrn

215 3302 289 3347 nte
320 3302 367 3347 tv.
390 3301 550 3348 tosusts
581 3301 823 3347 annutiant!
848 3298 1027 3346 MDXDVI.

320 3433 530 3481 DEDDDTDM
548 3435 596 3480 tte
615 3434 792 3482 statuent)
809 3433 922 3480 mutel.

97 3567 99 3571 ·
192 3535 227 3593 In
250 3535 368 3592 nomtite
388 3543 511 3615 sunctae
534 3543 565 3593 et
586 3535 755 3594 redibitione
780 3534 943 3606 Traba'tettb,
962 3535 1078 3609 Putrt‘s,
1105 3543 1138 3593 et

105 3621 182 3680 Filii
198 3627 231 3676 et
246 3620 377 3696 Spabitns
394 3621 514 3678 saneti„

194 3703 275 3764 llaec
288 3714 475 3762 sacrosancta
489 3705 675 3765 oecumenica
689 3714 719 3763 et
733 3705 877 3782 generalis
885 3705 1053 3765 Tridentina
1067 3721 1135 3781 syn·

108 3788 195 3861 odns,
229 3791 264 3857 in„
280 3787 391 3868 Spiritu
418 3799 519 3848 sancto
547 3787 677 3868 legitime
705 3801 897 3868 congregata,
925 3793 953 3849 in
972 3808 1008 3849 ea
1025 3789 1134 3867 praesi-

109 3985 131 4031 a
131 3935 247 4032 stibii}
259 3935 315 4031 rprx
316 3941 350 4030 v1)
356 3936 424 4032 ἓξὲξ.
439 3937 459 3981 1.
469 3939 586 3990 o.-n)e.
596 3906 654 3984 sie.
664 3937 693 3981 v.
704 3950 740 3993 qu.
751 3941 771 3982 a.
782 3941 858 3994 (eone.
869 3936 923 3980 nor.
934 3935 1056 3990 xit-t)
1065 3943 1134 3986 rene-
