2654 4334
239 259 315 316 ale
394 255 572 310 casuro
598 253 779 306 auarus
802 252 848 308 ru
871 253 989 310 sess
1007 213 1108 308 uns.

239 417 348 468 sarum,
376 399 423 476 qui
445 393 650 476 propagandae
674 393 855 456 Christianae
874 394 1023 472 religionis
1044 395 1118 454 miro
1140 393 1248 476 quodam

240 481 385 542 desiderio
403 484 570 561 llagrarunt,
589 481 721 552 animum,
740 489 772 538 ut
789 481 892 552 locum,
912 480 1052 552 referens,
1071 480 1169 540 urbem
1185 481 1248 540 hane

239 569 275 628 ab
295 570 370 628 omui
392 568 522 648 periculo
541 565 660 626 liberam
678 566 872 636 conservavit,
892 575 923 623 et
940 585 1006 638 nos,
1030 576 1062 624 ut
1080 575 1166 626 tutam
1183 576 1251 626 trau·

142 723 146 736 ⁸
240 654 412 734 quillamque
433 672 535 733 pacem
558 652 750 722 traheremus,
779 671 830 712 sua
852 651 1001 728 vigilantia
1022 653 1162 730 perfecit,
1183 671 1250 729 mag-

239 759 359 819 namque
383 740 488 800 nostris
511 738 611 797 animis
633 739 817 797 securitatem
844 734 959 796 assidua
981 738 1065 798 trium
1089 757 1200 796 suorum
1217 738 1251 798 le-

239 836 371 904 gatorum
394 843 565 883 summorum
582 823 708 882 virorum
726 823 891 900 praesentia
908 841 944 881 ac
962 841 1053 901 prope
1076 824 1196 902 pignore
1216 832 1252 880 at·

233 911 315 972 sulit.
362 909 413 969 llle
437 906 473 969 de
493 909 597 967 nostris
618 907 663 967 bis
681 907 771 968 'rebus
793 927 847 987 pro
865 927 916 967 sua
935 909 1040 968 eximia
1057 910 1167 988 pietate
1185 908 1254 968 solli-

242 999 316 1056 citus
334 995 455 1055 mirilico
473 994 536 1053 luit.

325 1079 377 1140 llle
400 1100 418 1140 a
441 1099 472 1140 se
490 1088 575 1158 atque
594 1098 611 1136 a
629 1077 712 1138 nobis
730 1077 932 1138 dissentientes
950 1078 1081 1140 bomines
1106 1099 1144 1140 cx
1162 1079 1252 1138 obscu-

239 1165 367 1238 rissimis,
386 1165 415 1224 in
430 1163 530 1244 quibus
543 1172 704 1236 versantur,
718 1163 846 1224 tenebris
860 1181 974 1236 eruere,
993 1174 1080 1243 atque
1095 1164 1134 1225 ad
1146 1175 1250 1224 sanctae

239 1252 321 1312 huius
344 1248 447 1330 synodi
472 1249 656 1310 clarissimam
682 1251 773 1309 lucem
795 1247 990 1328 aspiciendam
1010 1249 1158 1312 adducere
1175 1251 1252 1309 maxi-

239 1355 356 1416 mopere
380 1335 530 1396 laboravit.
567 1333 675 1412 Regum
699 1345 852 1414 praeterea
878 1334 1106 1395 Christianorum
1135 1355 1169 1396 ac
1185 1336 1251 1415 priu-

238 1423 333 1500 cipum
351 1421 380 1482 in
400 1421 524 1480 concilio
548 1420 603 1478 boc
626 1420 805 1501 amplissimis
827 1421 885 1480 suis
908 1421 1101 1499 legationibus
1126 1418 1251 1490 ornando,

239 1517 269 1566 et
287 1527 354 1566 suos
382 1516 495 1568 vestrae
522 1505 689 1565 auctoritati
716 1507 812 1566 fasces
833 1504 1039 1578 submittendo,
1068 1509 1118 1586 pia
1144 1507 1250 1566 maxime

237 1593 370 1653 voluntas
397 1602 481 1672 grata
509 1590 591 1650 nobis
618 1593 756 1650 memoria
782 1590 982 1671 prosequenda
1008 1603 1061 1652 est
1110 1591 1167 1652 lam
1191 1610 1250 1650 vcro

240 1679 301 1756 quis
325 1687 383 1750 est,
411 1677 594 1738 illustrissimi
616 1676 705 1755 legati
729 1687 759 1736 et
782 1675 958 1748 cardinales,
983 1679 1086 1757 quise
1110 1678 1189 1738 vobis
1209 1675 1251 1734 de·

239 1763 310 1823 bere
329 1763 479 1843 plurimum
498 1783 555 1821 nou
574 1763 714 1822 fateatur!
746 1759 807 1822 Vos
830 1773 991 1823 nostrarum
1009 1765 1156 1824 actionum
1174 1761 1249 1821 duces

240 1850 339 1928 optimi
357 1869 393 1909 ae
413 1847 611 1908 moderatores
630 1849 788 1908 exstitistis.
833 1846 908 1920 Vos,
933 1869 969 1909 ue
988 1859 1088 1908 nostra
1107 1859 1156 1908 aut
1172 1850 1198 1907 in
1215 1846 1249 1904 di·
1297 1853 1298 1870 ²

241 1933 333 1995 cende
356 1945 407 1994 aut
428 1936 457 1993 in
477 1932 660 1994 decernendo
680 1933 799 1994 libertas
821 1935 924 1994 violari
946 1935 1042 2014 aliqua
1065 1953 1105 1994 ex
1122 1944 1200 2015 parte
1215 1933 1248 1989 vi·

240 2019 372 2092 deretur,
408 2018 571 2081 incredibili
599 2021 737 2098 patientia
769 2039 805 2080 ac
833 2017 984 2098 diligentia
1016 2023 1149 2080 curastis.
1198 2015 1250 2076 Vos

240 2108 310 2166 nulli
329 2107 459 2184 corporis
482 2105 589 2176 labori,
617 2106 686 2165 nulli
709 2107 794 2165 animi
823 2105 1001 2166 contentioni
1023 2106 1206 2186 pepercistis,
1224 2111 1247 2160 ut

239 2191 276 2250 ad
300 2201 426 2270 optatum
449 2209 497 2252 res
520 2193 641 2262 exitum,
665 2190 742 2270 qnod
760 2192 809 2250 alii
828 2191 907 2250 multi
925 2193 1013 2252 vestri
1032 2192 1249 2254 simileslrustra

239 2287 432 2348 tentaverunt,
457 2278 659 2356 quamprimum
681 2276 899 2356 perduceretur.
948 2277 980 2336 ln
999 2297 1054 2356 quo
1078 2278 1247 2356 praecipuam

240 2362 379 2442 quandam
398 2382 433 2422 ac
452 2364 597 2441 propriam
621 2362 759 2422 laetitiam
782 2363 890 2422 babere
916 2373 958 2434 tu,
981 2362 1108 2424 Monens
1132 2363 1248 2424 illustris·

239 2451 310 2506 sime
334 2456 419 2524 atque
443 2449 638 2518 ornatissime,
658 2446 762 2519 debes,
786 2449 847 2526 qui,
872 2469 955 2528 quum
974 2450 1114 2527 vigesimo
1133 2449 1172 2508 ab
1193 2447 1246 2506 binc

238 2552 313 2590 anno
336 2533 456 2610 pumum
479 2533 630 2610 praeclaro
655 2533 720 2590 huie
742 2530 876 2594 aedilicio
901 2533 1023 2614 lapidem
1045 2536 1190 2612 posueris,
1207 2550 1247 2590 er·

238 2629 358 2676 tremam
377 2636 451 2676 nunc
471 2635 581 2675 manum
599 2628 666 2695 post
687 2618 760 2677 alios
778 2620 881 2678 multos
899 2620 965 2680 buic
984 2621 1065 2699 operi
1084 2621 1247 2680 architectos

172 2699 182 2708 '
239 2701 383 2761 adhibitos
406 2702 533 2762 feliciter
554 2721 607 2782 pro
631 2721 737 2762 summa
762 2715 866 2764 tuaac
890 2725 980 2784 prope
1003 2704 1098 2764 diviua
1124 2702 1247 2785 sapientia
1296 2735 1297 2762 1

186 2804 225 2846 ass
240 2789 370 2869 imponis.
424 2787 539 2849 Factum
563 2788 619 2848 boe
641 2799 717 2849 mum
742 2792 888 2870 egregium
912 2811 947 2850 ac
970 2791 1116 2869 singulare
1140 2790 1246 2850 omnium
1296 2829 1297 2834 η

238 2892 370 2935 sermone
393 2885 533 2953 perpetuo
557 2874 760 2948 celebrabitur,
785 2897 876 2955 neque
900 2877 958 2936 ulla
980 2896 1102 2955 uuquam
1127 2886 1202 2939 aetas
1217 2869 1245 2928 de

238 2964 294 3022 tuis
317 2961 361 3021 bis
384 2959 514 3021 laudibus
538 2961 725 3021 conticescet.
772 2960 844 3036 Quid
869 2961 904 3022 de
927 2961 1010 3021 vobis
1032 2961 1141 3035 dicam,
1160 2961 1246 3020 Patres

238 3048 423 3118 sanctissimi,
456 3065 538 3126 quam
565 3047 638 3108 bene
667 3045 702 3106 de
726 3047 887 3106 Christiana
915 3048 1063 3127 republica
1089 3049 1191 3108 vestris
1210 3042 1245 3101 luis

237 3133 490 3210 praestantissimis
512 3131 673 3192 actionibus
696 3134 857 3192 meruistis?
888 3144 993 3212 quanta
1016 3144 1141 3194 vestrum
1163 3131 1244 3191 unius·

132 3288 135 3294 ¹
239 3219 375 3298 cuiusque
403 3217 525 3277 nominis
552 3217 778 3290 commendatio,
808 3230 913 3298 quanta
935 3220 1029 3298 gloria
1056 3241 1074 3279 a
1097 3217 1244 3279 Christiano

237 3305 344 3384 populo
363 3305 498 3363 universo
521 3303 682 3363 tribuetur?
702 3324 754 3364 vos
771 3323 841 3364 vere
859 3304 970 3376 Patres,
993 3324 1062 3365 vere
1080 3315 1205 3385 pastores
1220 3305 1244 3355 ⁰¹

187 3409 191 3427 ¹
237 3399 397 3468 agnoscent
428 3407 526 3449 omnes
554 3398 584 3448 et
610 3389 833 3469 praedicabunt,
859 3390 942 3450 vobis
963 3405 1043 3450 'suam
1066 3389 1242 3469 unusquisque

236 3477 321 3533 vitam
345 3487 429 3553 atque
454 3474 572 3534 salutem
595 3486 745 3555 acceptam
767 3477 952 3538 libentissime
976 3479 1094 3536 referet
1136 3471 1242 3535 Odien
1295 3539 1296 3546 ἵ

164 3577 167 3585 ·
237 3559 313 3618 illam
332 3560 444 3640 populis
462 3561 567 3620 uostris
585 3561 812 3622 iucundissimum
832 3572 917 3642 atque
937 3563 1133 3632 laetissimam,
1155 3561 1181 3620 iu
1198 3570 1242 3633 qua
1295 3589 1296 3594 1

214 3645 358 3722 primum
387 3647 516 3704 revisere
543 3646 599 3705 illis
626 3667 679 3706 nos
705 3659 790 3727 atque
818 3648 952 3727 amplecti
979 3668 996 3706 a
1023 3648 1120 3727 templi
1143 3636 1242 3704 nomini

237 3726 439 3788 aedificatione
458 3729 612 3790 redeuntes
631 3735 795 3810 contigerit.

323 3809 382 3871 Sed
410 3811 468 3882 lac,
498 3823 528 3872 tu
555 3814 676 3874 Domine
700 3818 777 3878 Deus
800 3828 912 3891 noster,
937 3829 1047 3878 uttam
1070 3818 1187 3878 eximiae
1211 3807 1241 3866 lt

236 3897 319 3971 nobis
344 3897 471 3979 opinioni
495 3901 623 3977 egregiis
645 3902 731 3962 lactis
754 3901 992 3982 respondeamus,
1016 3915 1047 3964 et
1069 3921 1165 3964 semen
1185 3899 1242 3962 nos,
