2654 4330
223 189 327 286 m*
360 226 512 282 nasson
529 173 626 280 xum
650 213 938 284 nnsnnntiro
952 199 1118 289 mussan*

181 379 194 430 t
224 367 401 445 participos-
417 367 497 437 tert,
516 373 586 446 pur
619 382 743 426 munnam
770 366 876 446 ἕξις,
892 363 1043 445 utrobique
1071 367 1244 445 intelligens.

202 451 305 522 'Hauc
324 448 446 530 donique
474 453 527 524 itia
550 462 609 522 ost,
632 471 704 534 puae
735 471 789 530 pur
809 451 904 512 varias
927 449 1133 532 sacrificiorum
1147 455 1175 526 ¹)
1196 473 1246 512 na·

223 545 306 596 turae
325 547 356 596 ut
373 537 446 614 logis
464 547 597 617 temporo
612 536 810 604 sin‘siitudiucs
833 535 1027 614 figurabatur,
1054 547 1153 616 utpote
1173 557 1245 615 quae

224 620 302 682 hona
320 623 416 683 omnia
432 641 485 700 pur
502 623 552 686 iiia
569 623 732 700 murificata
747 623 827 690 votat
844 621 956 698 illorum
975 621 1098 683 omnium
1115 641 1245 682 cousum-

224 707 312 766 matio
331 716 362 767 ot
379 708 522 786 perfactio
540 709 752 786 complectitor.

259 863 286 908 0.
304 861 335 907 11.
371 859 533 921 Sacrificium
552 863 645 909 missac
663 866 704 908 ort
716 863 933 922 propitiatorium
950 859 1004 910 t'um
1017 875 1068 924 pro
1087 863 1152 912 uiuis
1172 878 1245 924 quom

238 933 241 936 ·
630 942 679 989 pro
697 929 836 994 achonem.

311 1029 348 1090 Et
367 1031 497 1111 qnoniam
516 1029 545 1088 in
564 1025 659 1088 divino
678 1030 734 1089 huc
753 1029 912 1102 sacrificiu,
936 1027 1011 1113 quod
1030 1031 1060 1094 iu
1078 1031 1164 1096 otissa
1182 1052 1246 1111 pur-

225 1118 338 1195 agitur‚
367 1113 442 1176 item
469 1115 518 1175 itte
546 1113 675 1176 Christus
703 1115 884 1186 continetur,
911 1125 945 1176 ot
968 1116 1119 1180 incruento
1148 1118 1246 1180 immo-

225 1203 316 1272 latur,
341 1202 391 1280 qni
418 1201 447 1263 in
473 1219 525 1260 ara
552 1201 646 1263 crucis
672 1198 760 1259 scmci
788 1219 818 1262 se
847 1201 936 1280 ipsum
956 1211 1075 1266 cruento
1095 1201 1245 1277 obtutum,

224 1283 312 1348 docet
334 1296 433 1346 sanctu
460 1284 602 1366 synodus,
629 1281 903 1366 sucrificiumflistud
930 1303 999 1345 vero
1016 1287 1246 1368 propitiatorium

140 1389 150 1402 ⁸
224 1391 298 1443 ussa,
316 1389 370 1450 pur
387 1373 533 1450 ipsumque
552 1371 624 1442 fiori,
644 1381 687 1452 nt,
706 1371 730 1428 si
749 1390 812 1432 cum
830 1389 899 1430 vcro
918 1367 1008 1434 corde
1027 1382 1057 1432 ct
1079 1383 1164 1431 ructa
1183 1371 1246 1443 fide,

141 1495 145 1500 -
224 1475 287 1516 cum
306 1465 383 1516 metu
401 1466 431 1515 et
448 1457 621 1528 reverentia,
640 1455 757 1516 contriti
779 1475 814 1516 ac
832 1457 1014 1534 poenitentes
1032 1455 1069 1516 ad
1087 1455 1182 1516 Deum
1201 1479 1246 1518 ac·

224 1539 369 1612 cedamus,
387 1539 615 1601 misericordiam
634 1559 859 1622 consequamur,
883 1543 1052 1620 engratiam
1071 1542 1246 1602 inveniamus

223 1629 251 1686 iu
276 1625 381 1686 auxilio
410 1635 581 1706 opportuno.
626 1625 715 1685 Huius
738 1626 841 1706 qnippe
866 1625 1011 1687 oblatione
1033 1629 1168 1706 placatus
1191 1627 1245 1688 Do·

223 1714 314 1774 minus
336 1711 457 1790 gratiam
481 1721 512 1771 et
533 1709 637 1771 donum
659 1713 856 1790 poenitentiae
879 1709 1053 1782 concedens,
1074 1714 1198 1773 crimina
1219 1724 1246 1772 ot

222 1806 345 1876 peccota
371 1798 457 1856 otiam
483 1795 611 1875 iugentia
639 1794 762 1856 dimittit.
826 1795 888 1857 Una
914 1799 989 1858 onim
1017 1794 1178 1877 cademque
1206 1809 1245 1858 est
1307 1837 1308 1868 ι

222 1883 336 1954 hostio,
364 1879 439 1942 idom
467 1901 541 1942 nunc
568 1882 694 1944 offerens
720 1879 902 1943 sacerdotum
929 1883 1106 1954 ministerio,
1140 1885 1190 1962 qui
1216 1903 1244 1942 sc
1308 1919 1309 1922 =

176 1969 191 2036 ii
222 1969 313 2047 ipsum
339 1977 408 2026 tunc
435 1967 464 2028 in
491 1985 579 2028 cruca
607 1967 729 2038 obtulit,
748 1966 810 2026 sola
829 1965 970 2028 offerendi
988 1969 1101 2027 rationo
1121 1966 1242 2028 diversa.

223 2052 309 2113 Cuius
328 2049 440 2132 quidem
464 2052 617 2113 oblationis
636 2063 783 2124 cruentae,
802 2053 934 2131 inquam,
963 2053 1073 2114 fructus
1100 2073 1156 2134 per
1175 2055 1244 2114 itanc

221 2140 399 2210 incruentam
417 2137 561 2198 uberrime
578 2138 793 2217 percipiuntur,
822 2147 930 2197 tantum
947 2137 1048 2210 abest,
1075 2149 1108 2198 ut
1134 2139 1180 2198 itti
1197 2159 1245 2220 per

222 2223 295 2284 hanc
315 2220 518 2303 quovismodo
537 2221 703 2300 derogetur.
749 2219 843 2296 Quare
862 2243 918 2282 non
937 2224 1027 2284 solum
1046 2242 1099 2301 pro
1119 2222 1243 2286 fidelium

220 2310 348 2370 vivorum
374 2309 521 2387 peccatis,
548 2307 668 2387 poenis,
696 2307 939 2368 satisfactionibus
957 2319 988 2368 ot
1004 2309 1068 2370 aiiis
1087 2312 1244 2370 necessita·

221 2392 315 2464 tibus,
342 2391 393 2452 scd
421 2403 452 2452 et
476 2411 530 2472 pro
557 2391 700 2454 defunctis
726 2393 755 2452 in
783 2391 897 2452 Christo
924 2390 1047 2454 nondum
1074 2393 1242 2474 adplenum

221 2477 350 2556 purgatis
362 2479 392 2552 ³)
412 2477 466 2538 rite
485 2477 565 2538 iuxta
581 2476 786 2558 Apostolorum
804 2477 987 2539 traditionem
1007 2477 1136 2539 offertur.

170 2625 240 2703 m,
344 2641 347 2649 ¹
420 2631 448 2679 0.
465 2633 508 2684 nt
548 2633 585 2679 De
601 2635 681 2680 mirra
697 2634 724 2680 o‘n
742 2631 863 2680 honorem
882 2637 1039 2680 sanctorum.

284 2733 345 2816 ¹itit
371 2735 495 2814 quamvis
522 2736 551 2793 in
578 2734 715 2793 honorem
743 2743 774 2792 ct
799 2736 963 2794 memorium
990 2745 1154 2795 sanctorum
1175 2755 1242 2798 uon·

220 2816 312 2880 nullas
330 2819 472 2882 interdum
490 2819 589 2880 missas
608 2820 734 2880 ecclesio
753 2818 903 2879 celebrare
922 2820 1168 2896 consueverint),
1189 2841 1242 2880 non

219 2918 314 2968 tamon
340 2907 398 2986 iliis
415 2905 586 2966 sacrificinm
611 2905 709 2964 offerri
729 2902 832 2975 docet,
860 2901 913 2964 scd
930 2902 992 2964 Deo
1011 2903 1085 2976 soii,
1113 2907 1161 2984 qui
1180 2907 1243 2965 iilos

220 2993 383 3064 coronavit3
403 2990 478 3052 undu
496 3010 551 3051 nuo
570 2988 707 3050 sacerdos
725 2988 824 3050 dicore
843 2990 936 3049 solet:
965 2987 1063 3050 Offcru
1081 2985 1135 3050 tibi
1153 2993 1241 3055 sacri·

220 3079 323 3151 ficium,
342 3076 444 3148 Putre,
462 3077 511 3140 vel¹
526 3075 629 3146 Paule,
647 3073 700 3136 sed
717 3073 779 3134 Deo
798 3073 834 3135 dc
853 3073 965 3137 iliorum
983 3075 1114 3135 victoriis
1133 3079 1241 3156 gratias

220 3182 323 3242 agens,
343 3182 441 3222 uorum
459 3161 620 3242 patrocinia
642 3159 788 3240 implorat,
817 3168 848 3218 nt
870 3161 923 3240 ipsi
941 3179 994 3239 pro
1014 3159 1096 3222 nobis
1115 3159 1240 3223 intercu-

145 3309 148 3319 ,
220 3247 289 3310 doro
309 3247 462 3330 dignentur
480 3248 510 3306 in
528 3247 628 3318 coelis,
641 3265 765 3325 quorum
784 3245 949 3334 memoriam
963 3245 1082 3309 facimus
1101 3246 1130 3308 iu
1146 3248 1238 3310 terris.

529 3385 557 3434 0.
575 3383 616 3430 iv.
655 3381 697 3429 Do
714 3395 812 3430 ouoooo
828 3383 930 3430 minat.

235 3477 240 3484 ’
304 3487 343 3548 Et
369 3507 451 3568 quum
478 3497 578 3547 sancta
605 3494 704 3546 sancte
733 3483 925 3545 administrari
953 3483 1123 3556 conveniat,
1147 3486 1239 3564 sitque

220 3573 275 3633 hoc
303 3575 432 3633 omnium
451 3571 656 3633 sanctissimum
674 3567 864 3642 sacrificium,
884 3569 1010 3628 ecclesia
1029 3567 1190 3638 catholica,
1208 3577 1239 3626 ut

219 3717 431 3732 -m-

271 3777 349 3834 'so-1.
363 3783 460 3832 xxm·
474 3788 569 3882 sputa.
579 3786 620 3831 ru.
631 3788 652 3831 o
665 3785 724 3830 xm.
736 3788 757 3829 a
769 3791 793 3829 at
801 3783 834 3829 ιι.
845 3805 873 3822 .-
896 3785 923 3839 m
933 3783 1006 3830 usur.
1016 3783 1060 3830 ιι,
1070 3787 1104 3832 nu
1118 3807 1145 3820 -
1163 3783 1238 3848 pun.

220 3839 274 3884 intr.
285 3852 335 3883 con.
345 3844 365 3884 ³.
376 3845 400 3884 ct
409 3838 474 3884 Sors.
509 3837 560 3882 XV.
572 3840 596 3882 in
607 3851 644 3895 pr.
652 3861 678 3874 -
695 3839 720 3892 t)
729 3836 759 3881 ci.
769 3836 824 3880 into.
834 3848 886 3880 con.
895 3837 951 3880 hot
961 3835 1025 3880 Sors.
1034 3833 1114 3880 XXV.
1124 3837 1153 3880 do
1161 3848 1239 3883 aanor.

220 3896 294 3935 sanct.
368 3907 383 3916 *⁴
