2648 4336
174 817 216 859 lli

225 245 307 302 m
417 237 538 294 nnnn.
554 194 706 294 ennon
724 235 869 292 nescu.
888 236 1035 302 consu.

226 393 276 451 94.
295 381 518 462 Nibilpeiorem
534 377 709 439 deecclesia
728 378 890 456 opinionem
908 379 1015 456 ingerit
1032 378 1093 444 eius
1111 378 1237 449 inimicis,¹

269 489 350 548 quam
377 465 475 527 videre
504 465 564 524 illic
592 461 763 522 dominatum
791 463 923 523 exerceri
944 482 1030 542 supra
1061 462 1146 524 biens
1171 463 1233 522 litlo-

268 555 350 626 lium,
369 562 400 613 et
417 550 509 610 foveri
532 548 686 609 divisiones
704 557 823 627 propter
841 566 898 619 res,
918 567 990 627 quae
1008 567 1063 610 nec
1082 546 1165 608 iidem
1181 549 1231 606 lae-

269 637 348 710 dunt,
365 656 420 697 nec
439 654 542 694 mores.
561 631 642 694 lium.
660 630 739 694 xlv.
761 639 809 698 16.
1103 659 1107 664 ·

226 747 278 808 95.
302 740 449 802 Veritates
471 755 508 797 eo
527 734 717 806 leveuorunt,
741 744 773 793 ut
794 736 851 794 sint
874 736 971 814 lingua
993 738 1072 814 quasi
1091 735 1231 815 peregrina

269 826 411 906 plerisque
435 821 618 892 Christianis,
643 830 673 879 ot
695 818 794 879 mulne
817 839 866 880 eas
888 818 1073 900 praedicandi
1096 829 1141 880 est
1156 820 1233 880 veluti

268 910 376 970 idioma
392 907 579 986 incognitum,
598 905 671 965 adeo
690 915 816 966 remotus
834 916 879 965 nst
891 925 908 964 a
922 906 1105 984 simplicitate
1118 904 1232 984 Aposto-

268 997 374 1066 lorum,
398 1005 428 1052 et
449 1011 534 1071 snpra
557 1009 733 1051 communem
757 991 869 1070 captum
892 989 1033 1063 bdelium3
1060 990 1232 1071 nequeuntis

269 1079 441 1148 advertitur,
464 1075 539 1156 quod
562 1076 609 1136 bic
633 1074 763 1136 deiectus
785 1077 823 1135 sit
845 1095 929 1136 unum
952 1095 989 1134 ex
1011 1077 1102 1154 signis
1124 1076 1231 1136 maxime

269 1163 450 1225 sensibilibus
468 1163 625 1221 senectutis
643 1160 799 1233 ecclesiae,
824 1171 854 1220 et
876 1163 936 1220 irae
956 1161 1010 1222 Dei
1028 1163 1058 1221 in
1078 1162 1152 1221 lilius
1168 1178 1232 1240 suos.

237 1310 240 1315 ,
272 1259 300 1314 1.
320 1249 387 1309 Cor.
406 1246 485 1308 XIV.
505 1252 555 1311 tt.
578 1250 669 1324 1699.

227 1359 277 1419 96.
296 1351 374 1410 Dens
392 1350 543 1429 permittit,
567 1360 599 1407 ut
617 1367 714 1407 omnes
732 1359 890 1428 potestates
908 1350 965 1408 sint
984 1349 1149 1410 contrariae
1162 1365 1233 1426 prae-

270 1435 445 1496 dicatoribus
463 1435 601 1504 veritatis,
620 1444 652 1492 ut
670 1435 730 1492 eius
746 1434 870 1506 pictoria
884 1433 1001 1496 attribui
1015 1455 1074 1493 non
1089 1435 1177 1514 possit
1189 1431 1232 1490 nisi

156 1581 158 1587 .
269 1521 381 1582 divinae
400 1522 521 1599 gratiae.
539 1518 607 1578 Act.
625 1516 717 1578 XVll.
737 1524 766 1582 8·
1255 1588 1258 1592 ¹

226 1612 278 1672 97.
300 1605 393 1668 Nimis
419 1624 506 1685 saepe
534 1605 688 1682 contingit,
721 1605 848 1664 membra
875 1604 938 1676 illa,
963 1625 1035 1685 qaae
1065 1605 1154 1682 magis
1179 1621 1231 1660 sen·

270 1702 316 1752 cte
344 1711 378 1750 ac
409 1693 500 1767 magis
526 1691 626 1749 stricte
653 1692 732 1748 nnita
759 1690 901 1750 ecclesiae
924 1701 1003 1762 suut,
1030 1691 1231 1770 respiciatque

268 1777 387 1836 tractari
405 1786 537 1854 tanquam
560 1773 690 1853 indigne,
717 1783 749 1834 nt
770 1776 877 1835 sintin
899 1775 1026 1835 ecclesia
1051 1773 1099 1836 vel
1117 1785 1231 1852 tanquan

267 1861 304 1920 ab
322 1881 357 1920 ea
375 1872 517 1940 separata3
536 1859 587 1920 secl
606 1862 694 1920 iustus
711 1862 780 1921 vivit
798 1880 835 1937 en
848 1859 915 1933 ute,
935 1871 965 1920 et
982 1881 1039 1920 nun
1059 1880 1096 1921 ex
1115 1858 1234 1940 opinione

268 1946 420 2006 bominum.
439 1945 507 2006 Act.
527 1944 576 2005 lV.
599 1952 647 2008 tt.
741 2010 745 2015 ,

226 2053 277 2114 98.
296 2048 395 2108 Status
413 2048 623 2127 persecutionis
642 2058 672 2108 et
693 2067 863 2126 poenarum,
888 2067 956 2127 quus
981 2047 1042 2128 quis
1062 2049 1165 2108 tulerat
1180 2054 1230 2101 tan·
1292 2047 1293 2106 l

269 2151 351 2213 quarn
380 2135 542 2193 haereticus
569 2133 731 2210 flagitiosus
756 2144 788 2194 et
814 2134 929 2214 impius,
956 2134 1055 2192 ultima
1082 2132 1230 2212 plerumque

266 2217 398 2299 probatio
417 2229 475 2290 est,
499 2229 529 2276 et
550 2220 670 2278 manime
694 2220 855 2290 meritoria,
883 2229 982 2299 utpote
1007 2238 1079 2297 quae
1102 2217 1169 2276 lecit
1188 2213 1229 2272 lto·

266 2305 370 2363 minem
387 2304 478 2381 magis
496 2303 672 2363 conlormem
691 2303 755 2363 lesu
774 2303 900 2367 Cbristo.
919 2299 989 2364 Luc.
1007 2297 1102 2363 XXII.
1122 2305 1170 2366 37.

224 2411 275 2470 99.
294 2403 476 2475 Pervicacia,
500 2406 682 2482 praeventio,
705 2403 860 2465 obstinatio
882 2407 911 2465 in
929 2404 1054 2466 nolendo
1073 2417 1124 2466 ant
1139 2395 1229 2479 aliquid

267 2491 444 2569 examinare,
477 2499 526 2546 aut
553 2507 731 2566 cognoscere
759 2507 790 2547 se
821 2491 908 2550 luisse
936 2488 1103 2570 deceptum,
1135 2493 1228 2548 mutent

266 2571 393 2652 quotidie
417 2571 510 2651 quoad
532 2574 634 2631 multos
652 2575 681 2631 in
700 2572 818 2633 odorem
836 2577 936 2636 mortis
958 2575 1102 2654 icl,‚quod
1121 2574 1191 2634 licus
1205 2570 1228 2626 in

188 2665 193 2675 ’
266 2677 316 2716 sna
338 2657 463 2718 ecclesia
488 2659 597 2736 posuit,
625 2667 657 2717 ut
679 2659 707 2718 in
730 2678 766 2719 ea
788 2671 866 2719 esset
883 2659 957 2720 olor
972 2662 1065 2732 vitae,
1089 2681 1118 2719 v.
1139 2678 1166 2736 g.
1185 2653 1228 2714 to·

265 2763 317 2802 nos
344 2742 447 2814 libros,
469 2743 686 2816 instructiones,
714 2755 813 2804 suucta
832 2747 962 2825 exempla
979 2757 1038 2806 ete.
1065 2751 1094 2809 2.
1120 2743 1182 2802 Cor.
1198 2735 1226 2795 ll·
1291 2819 1292 2822 Ἴ

267 2834 318 2894 ltl.

223 2929 294 3004 100.
317 2931 439 3008 Tempus
462 2929 653 3010 deplorabilc‚
678 2951 733 3010 quo
757 2931 885 2991 creditur
907 2932 1043 2992 honorari
1062 2932 1150 3002 Deus,
1171 2943 1226 3007 pet·

264 3013 419 3094 sequendo
433 3016 582 3075 veritatem
606 3019 722 3095 eiusque
745 3015 913 3096 discipulos:
942 3028 1052 3097 tempus
1074 3018 1130 3076 boe
1149 3010 1225 3077 elve-

149 3103 151 3108 '
263 3100 306 3174 nit
395 3099 502 3160 Balacri
524 3111 553 3160 et
581 3103 701 3161 tractari
728 3119 745 3160 n
771 3101 923 3180 roligionis
947 3104 1082 3185 ministris
1108 3111 1224 3176 tanqum

262 3183 376 3262 impium
400 3195 430 3243 et
451 3184 595 3264 indignum
620 3186 695 3245 omni
719 3189 890 3248 commercio
919 3207 981 3248 cum
1003 3188 1081 3259 Deo,
1108 3196 1224 3262 uuquam

194 3309 196 3312 -
263 3269 415 3328 menbrum
434 3269 586 3348 putridum,
606 3291 698 3350 capas
722 3271 920 3352 corrumpendi
940 3275 1033 3332 omnia
1052 3275 1081 3331 in
1099 3270 1225 3342 sacione

263 3365 440 3425 sanctornm,
464 3365 509 3414 est
531 3355 691 3416 bominibus
715 3357 768 3436 piis
790 3370 882 3418 morte
905 3360 1037 3437 corporis
1058 3373 1135 3416 mors
1152 3349 1223 3412 erri-

261 3438 356 3498 bilior.
402 3439 516 3499 Frustra
540 3443 601 3520 quis
624 3442 678 3500 sibi
700 3441 843 3503 blanditur
865 3443 900 3503 ule
923 3463 1035 3504 suarum
1053 3439 1223 3503 intentionum
1290 3475 1291 3518 p

228 3577 231 3582 ,
262 3523 400 3601 puritate,
429 3526 545 3585 etzelo
569 3525 690 3604 quolam
713 3529 875 3606 religionis,
903 3527 1101 3609 persequendo
1124 3526 1222 3584 nunna
1290 3527 1291 3566 ³

160 3665 165 3670 .
261 3605 397 3688 ferroque
418 3610 495 3669 viros
518 3611 638 3689 probos,
662 3613 685 3670 si
710 3614 825 3692 propriu
844 3616 976 3693 passione
995 3625 1041 3675 est
1058 3615 1233 3691 excaecatas

132 3735 135 3740 1
261 3701 311 3750 ant
332 3691 466 3770 abreptus
489 3695 596 3767 aliens,
624 3693 779 3776 propterea
806 3699 880 3778 quod
900 3701 968 3760 nibil
986 3695 1046 3760 nult
1063 3696 1219 3764 examinem·

261 3774 439 3852 Frequenter
457 3778 598 3866 occulimus
620 3783 785 3843 sacrificare
804 3783 1017 3865 llooinpium,
1041 3793 1072 3844 et
1092 3775 1222 3842 scenica·

263 3879 323 3918 mus
346 3858 461 3917 diabolo
480 3861 534 3920 bet
553 3883 672 3924 servum.
693 3866 771 3926 loan.
790 3867 867 3929 XVl.
888 3877 922 3935 2,·
980 3879 983 3886 ·
1096 3875 1099 3879 ·
