2652 4330
191 291 260 349 14·
376 287 521 344 sassie
540 287 596 341 lll.
619 286 676 341 DE
694 286 897 348 sunnone
915 287 1044 342 Fiunt.

194 431 326 492 dantibus
345 428 452 490 eisdem
472 428 562 488 trihus
581 426 850 509 apostolicaesedis
865 427 978 506 legatis,
997 426 1221 507 magnitudinem

193 537 288 578 rerum
307 513 521 577 tractandarum
540 515 737 587 considerans,
756 516 925 594 praesertim
939 533 1047 587 aarum,
1066 533 1140 594 qnae
1155 513 1225 574 duo·

193 605 246 664 bus
265 604 320 663 illis
339 600 481 682 capitibus
499 601 535 661 de
554 601 746 682 exstirpandis
764 600 931 662 haeresibus
948 611 980 661 et
992 601 1117 660 moribus
1132 601 1225 660 reior-

195 688 305 750 mandis
324 692 520 759 continentur,
549 707 668 767 quorum
692 705 779 747 causa
796 688 951 766 praecipue
969 697 1015 746 est
1032 696 1224 765 congregatu3

196 793 357 854 agnoscens
380 784 475 834 antem
496 784 562 832 rum
579 771 781 852 Apostolo1),
809 793 866 832 non
888 791 953 833 esse
971 771 1026 832 sibi
1044 772 1231 848 colluctatio·¹

196 881 261 920 nem
284 860 422 919 adversus
445 877 561 918 carnem
581 868 611 918 et
629 859 811 936 sauguinem,
840 856 892 917 sed
910 856 1046 918 aduersus
1063 857 1227 938 spirituales
1288 850 1289 914 l

163 977 189 1018 ,g
198 946 339 1025 nequitias
357 946 386 1003 iu
406 943 590 1015 coelestibus,
611 963 674 1002 cum
692 941 795 1003 eodem
814 961 912 1003 omues
931 954 962 1003 et
979 943 1107 1021 singulos
1125 943 1155 1001 iu
1170 944 1228 1023 pri·
1289 930 1290 994 l

198 1033 250 1094 mis
267 1032 414 1102 hortatur,
441 1040 474 1088 ut
491 1031 693 1088 confortentur
709 1031 738 1090 in
756 1028 878 1089 Domino
897 1039 927 1089 et
944 1030 973 1088 in
992 1029 1122 1107 potentia
1140 1030 1230 1088 virtu·
1290 1010 1291 1084 l

197 1118 234 1176 tis
252 1118 327 1189 eins,
356 1118 385 1174 in
404 1115 533 1174 omnibus
552 1125 697 1174 sumentes
714 1125 824 1174 scutum
843 1112 911 1174 lidei
923 1116 976 1190 ²),
996 1116 1026 1173 in
1045 1133 1099 1193 qao
1116 1117 1230 1192 possint
1290 1090 1292 1144 l

85 1215 116 1228 ··
199 1203 294 1262 omnia
320 1201 379 1260 tela
402 1202 567 1280 nequissimi
589 1203 675 1279 ignea
698 1201 895 1277 exstinguere,
924 1211 1009 1278 atque
1033 1198 1147 1276 galeam
1170 1199 1230 1278 spei
1291 1168 1293 1240 l

198 1289 298 1346 salutis
322 1288 467 1366 accipiant
490 1306 552 1345 cnm
576 1285 674 1364 gladio
697 1285 826 1365 spiritus,
855 1283 930 1364 qnod
958 1294 1003 1344 est
1029 1281 1147 1344 verbum
1166 1285 1230 1344 Dei.
1294 1328 1295 1372 p

199 1373 313 1451 ltaque,
341 1382 373 1431 ut
390 1372 462 1432 haec
480 1374 529 1450 pia
546 1375 608 1431 eius
626 1369 790 1431 sollicitudo
809 1371 979 1451 principium
999 1379 1030 1447 et
1046 1389 1231 1450 progressum
1291 1373 1296 1439 ',

126 1503 129 1510 ,
198 1477 278 1518 suum
296 1476 350 1536 per
367 1456 421 1516 llei
439 1458 561 1536 gratiam
580 1457 697 1529 habeat,
726 1467 792 1516 antu
812 1458 906 1517 amaia
923 1457 1023 1516 statuit
1041 1466 1071 1515 et
1088 1455 1230 1525 deceruit,
1289 1487 1297 1502 ι

199 1541 436 1623 praemittendam
463 1561 526 1602 essu
555 1544 766 1602 consessionem
793 1541 874 1614 fidei,
902 1541 1017 1601 Patrnm
1043 1543 1178 1620 exempla
1204 1543 1231 1600 iu
1297 1567 1298 1590 a

200 1629 256 1688 hoc
283 1636 396 1699 secuta,
430 1630 476 1707 qui
503 1628 709 1687 sacratioribus
741 1629 872 1688 conciliis
903 1627 959 1688 hoc
987 1637 1096 1686 scutum
1123 1637 1232 1709 ‘conus

201 1732 299 1773 omnes
309 1712 446 1772 haereses
460 1715 489 1796 in
499 1714 642 1793 principio
656 1733 769 1773 suarum
783 1714 928 1773 actionum
943 1731 1089 1793 apponere
1109 1729 1232 1772 consue·

203 1816 282 1870 vere,
302 1817 358 1878 quo
377 1799 440 1858 solo
458 1797 612 1878 aliquando
632 1810 662 1860 et
679 1798 810 1860 infideles
828 1797 865 1857 ad
884 1798 968 1858 iidem
983 1808 1142 1868 traxerunt,
1163 1798 1232 1857 hae·

201 1887 308 1945 reticos
327 1894 539 1965 expugnarunt,
567 1895 598 1946 et
620 1884 720 1946 fideles
738 1883 952 1945 confirmarunt.
998 1883 1093 1956 Quare
1117 1884 1234 1962 symbo-

202 1972 259 2032 lum
277 1970 354 2043 hdei,
375 1991 430 2051 qno
449 1981 549 2031 sancta
567 1970 696 2032 Romana
714 1973 840 2032 ecclesia
858 1973 955 2044 utitur,
975 1984 1107 2048 tanquam
1126 1970 1234 2048 priuci-

202 2057 278 2135 pinm
296 2055 375 2127 illud,
395 2059 424 2115 iu
444 2076 498 2135 quo
518 2076 625 2128 omnes,
645 2059 692 2135 qui
711 2056 795 2116 fidem
807 2056 913 2116 Christi
930 2057 1111 2136 proiit-untur,
1131 2073 1234 2114 nucus-

202 2142 279 2200 sario
298 2142 484 2211 conveniunt,
513 2160 547 2198 ac
570 2140 782 2200 laudamentum
800 2141 909 2199 firmum
928 2151 958 2200 et
975 2142 1103 2211 unicum,
1131 2151 1234 2200 contra

203 2223 279 2304 qnod
302 2235 405 2304 portae
427 2225 513 2283 inleri
535 2243 676 2302 nunquam
698 2225 904 2303 praevalebunt
917 2227 960 2299 ³),
988 2223 1109 2284 totidem
1126 2227 1232 2296 verbis,

203 2311 303 2390 quibus
321 2313 350 2370 in
370 2310 498 2369 omnibus
516 2310 648 2368 ecelesiis
668 2310 781 2388 legitur,
800 2308 1013 2388 exprimendum
1029 2329 1093 2370 esse
1111 2313 1233 2372 censuit.

204 2395 287 2468 Quod
306 2395 420 2474 quidem
439 2393 578 2454 eiusmodi
597 2404 642 2454 est
654 2397 699 2469 ⁴):

293 2481 389 2540 Credo
412 2483 443 2538 in
466 2499 553 2556 uuum
570 2481 664 2540 Deum
682 2483 801 2540 Patrem
820 2485 1060 2560 omnipotentem,
1080 2480 1235 2561 sactorum

205 2567 286 2626 coeli
300 2575 333 2626 ct
349 2576 458 2634 remae,
478 2564 634 2624 visibilium
655 2568 779 2626 omnium
795 2577 826 2626 et
838 2567 1036 2640 abuohibilium,
1057 2578 1088 2628 et
1101 2571 1132 2628 in
1147 2587 1235 2628 unum

205 2653 359 2710 Dominum
377 2653 471 2710 lerum
493 2651 647 2722 Christum,
666 2653 773 2710 Filium
788 2654 848 2710 Dei
863 2655 1057 2732 unz’geuitum,
1076 2663 1107 2713 ct
1123 2673 1163 2712 ear
1173 2657 1235 2718 Pa·

207 2746 253 2794 tre
271 2745 371 2809 uatum
391 2744 461 2794 aute
479 2738 576 2794 omnia
594 2739 730 2808 saecula,
754 2741 847 2798 Deum
866 2740 903 2796 de
921 2741 1000 2812 Deo,
1020 2741 1116 2798 lumen
1134 2741 1172 2797 de
1191 2741 1236 2799 lu·

205 2821 300 2894 miae,-
320 2825 413 2880 Deum
431 2839 530 2879 oerum
549 2821 586 2880 de
603 2825 667 2881 Deo
686 2841 767 2895 uero,
784 2826 927 2902 genitium,
947 2843 1006 2883 nou
1022 2821 1145 2899 fuctum,
1165 2843 1236 2884 eon·

205 2906 430 2966 substantialem
448 2907 550 2980 Patro}
564 2927 622 2986 per
640 2927 722 2986 quem
738 2905 1030 2986 umrtrhfactasun15
1050 2912 1237 2988 quipropter

206 3012 261 3052 nos
278 2993 410 3052 homiues
429 3001 460 3050 et
472 3002 600 3071 propter
617 3003 748 3053 austrum
766 2995 890 3053 salutem
909 2995 1062 3054 descendit
1080 2996 1116 3053 de
1134 2997 1236 3064 coela,

207 3087 239 3135 et
263 3079 438 3136 incarnatus
464 3086 510 3136 eat
530 3080 566 3136 de
589 3079 704 3156 Spiritu
725 3090 829 3140 sancto
853 3099 892 3139 eu
912 3081 1014 3140 diaria
1038 3081 1180 3158 Virgine,
1208 3087 1238 3139 et

207 3162 291 3220 homo
305 3158 412 3239 fuctus
435 3171 496 3234 est,
524 3163 685 3241 crucifixus
707 3167 795 3224 etiam
810 3185 868 3244 pro
891 3165 977 3224 nubis
992 3164 1046 3224 sub
1063 3167 1170 3226 Pontio
1188 3166 1238 3224 Pi-

209 3247 285 3318 lato,
309 3265 417 3325 passus
440 3256 472 3306 ct
487 3248 619 3324 sepultus
637 3259 698 3322 est,-
726 3261 759 3308 et
773 3254 944 3311 resurreuo't
960 3253 1051 3309 tertia
1069 3251 1118 3310 dia
1134 3269 1239 3310 secun·

209 3335 276 3390 dum
297 3335 479 3410 scripturas,
506 3341 538 3390 et
559 3335 695 3391 asceudit
714 3337 744 3392 iu
768 3335 893 3407 coelum,
921 3335 1008 3394 sedet
1027 3336 1068 3394 ad
1084 3336 1237 3394 deuterum

208 3416 322 3487 Patris,
351 3425 383 3474 et
403 3418 509 3476 iterum
531 3425 672 3476 commuue
694 3428 741 3476 est
756 3437 819 3477 cum
835 3421 939 3496 gloria
958 3421 1092 3480 iudicare
1110 3422 1191 3480 uiuos
1209 3429 1239 3479 et

175 3509 353 3572 ttmortuas,
381 3503 464 3560 cuius
480 3503 573 3581 regni
587 3521 645 3560 uon
664 3501 825 3581 eiitfimh3
850 3513 881 3563 ct
898 3507 928 3564 iu
946 3507 1088 3584 Spiritum
1100 3515 1239 3566 sunctum

210 3586 365 3645 Domitium
388 3594 420 3642 et
439 3587 649 3664 ozhpicantem
678 3590 731 3665 qui
745 3608 789 3658 ‚em
810 3591 902 3648 Putre
923 3592 1060 3669 Filioque
1078 3592 1236 3670 procedite

210 3672 264 3748 qui
287 3687 350 3730 cum
372 3671 463 3729 Patre
490 3682 523 3730 et
541 3673 619 3732 Filio
644 3674 734 3732 semul
753 3675 899 3734 adoratur
921 3686 955 3736 et
973 3675 1237 3755 conglorificatum

211 3755 265 3833 qui
285 3755 400 3814 locutus
421 3763 468 3814 est
479 3774 537 3833 per
553 3757 735 3836 Propinas,-
764 3769 795 3818 et
810 3779 911 3831 unam,
937 3769 1084 3834 sanctam,
1113 3763 1239 3822 catholi-

213 3900 280 3996 ‘ms
286 3901 409 3996 fflsfflz
419 3904 459 3996 llp
468 3899 529 3995 liph.
539 3901 581 3947 Vl.
592 3907 624 3948 Η.
638 3927 665 3940 -
677 3907 701 3961 ²)
714 3903 774 3952 lbial.
788 3907 823 3954 tu.
835 3930 862 3941 -
874 3905 898 3962 3)
911 3904 995 3952 bunut.
1003 3906 1071 3953 XVI.
1082 3911 1113 3953 tu
1128 3931 1155 3944 -
1167 3911 1191 3964 l)
1205 3907 1237 3954 ci.
