2648 4336
435 241 852 318 onumsunrrsrote
1068 247 1147 308 aaa

106 396 305 476 stringendas
324 407 511 470 censuerunt3
535 417 654 475 quorum
673 397 777 458 auditis
793 403 999 481 perpensisque
1018 404 1145 466 animad-

108 484 301 545 versionibus
319 478 389 541 iliud
408 483 620 562 quoque'nobis
640 502 727 544 curae
745 485 814 557 iuit,
839 495 870 544 ut
891 486 1001 546 selecta
1023 508 1061 548 cx
1083 501 1145 552 tota

104 567 232 649 ,synodo
253 569 410 648 praecipua
428 565 567 646 quaedam
585 586 736 648 pravarum
759 569 955 632 doctrinarum
978 575 1088 653 capita,
1107 573 1144 636 ad

113 673 193 735 quae
217 655 392 733 potissimum
415 653 495 712 fusae
517 673 571 732 per
592 653 732 734 synodum
759 655 959 735 reprobandae
981 662 1143 721 sententiaa

104 740 234 801 directe
251 738 297 798 vel
316 737 458 800 indirecto
476 739 653 810 referantur,
678 741 706 800 in
730 751 839 801 certum
858 740 995 825 deinceps
1014 743 1144 806 ordinem

112 825 338 904 redigerentur,
364 822 529 904 eisdemque
552 844 603 884 sua
622 825 723 905 cuique
741 828 896 906 peculiaris
915 847 1037 889 censura
1054 831 1142 891 subii-

105 921 246 972 ceretur.
635 919 638 926 “
968 959 970 964 .
1145 945 1147 952 ⁴

204 993 340 1056 Novaro
363 1015 401 1054 ex
422 995 477 1056 bac
499 996 561 1076 ipsa
578 999 693 1058 tametsi
712 988 926 1059 accuratissime
943 1012 1064 1081 peracta
1081 1004 1140 1063 sive
1154 1015 1194 1060 aaa
1229 1027 1231 1031 ·
1282 1004 1285 1015 “

110 1083 250 1142 locorum
273 1082 442 1153 collatione,
467 1082 526 1142 sive
545 1085 751 1144 sententiarum
774 1083 987 1166 disquisitione,
1010 1087 1142 1166 peruica-

113 1187 169 1228 ces
183 1167 315 1226 homines
335 1166 518 1227 obtrectandi
538 1170 721 1230 occasionem
741 1172 912 1249 arriperent,
932 1183 964 1232 ut
980 1173 1046 1234 bule
1065 1171 1141 1234 lorte

110 1255 173 1313 iam
197 1262 315 1331 paratae
344 1253 502 1312 calumniae
530 1254 642 1312 obviam
669 1254 772 1326 iretur,
801 1257 923 1334 sapienti
950 1259 1072 1318 consilio
1099 1262 1141 1318 uti

110 1339 282 1409 statuimus,
307 1335 381 1418 quod
405 1339 434 1396 in
462 1340 675 1416 emergentibus
702 1339 862 1400 bainsmodi
889 1343 1061 1420 periculosis
1088 1345 1158 1403 no·'

109 1425 229 1503 niisqne
244 1423 419 1483 novitatibus
433 1422 624 1502 reprimendis
641 1425 737 1504 plnres
757 1426 848 1486 nostri
866 1427 1037 1490 sanctissimi
1055 1444 1142 1508 pram

108 1509 304 1580 decessores,
329 1519 387 1567 tum
410 1519 440 1567 et
462 1510 622 1586 gravissimi
645 1511 797 1581 antistites,
821 1530 856 1570 ac
879 1514 1030 1589 generales
1054 1515 1141 1573 etiarn
1213 1541 1216 1550 ¹

111 1593 220 1675 synodi
242 1595 298 1656 rite
317 1603 456 1674 cauteque
480 1592 648 1666 adhibitum,
672 1595 827 1654 illustribus
851 1597 988 1676 exemplis
1007 1607 1140 1658 testatum

113 1677 399 1758 commendatumque
418 1679 608 1758 reliquissent.

202 1779 316 1840 Norant
337 1782 378 1840 illi
400 1793 542 1842 versutam
566 1793 733 1842 novatorum
755 1780 874 1841 fallendi
897 1793 996 1856 artam,
1021 1787 1068 1864 qai
1090 1803 1140 1844 ca·

110 1868 287 1927 tbolicarnm
311 1868 419 1927 aurium
443 1867 630 1927 offensionem
652 1868 751 1938 veriti,
776 1869 938 1947 captionum
962 1888 1074 1929 suarum
1097 1871 1140 1929 la·

112 1971 206 2034 queos
222 1972 362 2032 persaepe
377 1950 491 2012 student
504 1950 631 2012 subdolis
646 1953 797 2012 verborum
815 1953 971 2014 involucris
989 1954 1140 2031 obtegere,

110 2049 146 2098 ut
169 2040 246 2100 inter
268 2036 433 2098 discrimina
456 2039 619 2113 sensuuml)
642 2038 734 2098 latens
757 2056 841 2097 error
868 2038 958 2097 lenius
984 2038 1085 2100 iniluat
1110 2041 1141 2099 ia
1243 2047 1249 2052 '

110 2125 240 2195 animos,
264 2123 379 2201 batque,
392 2133 423 2181 nt
446 2135 580 2202 corrupta
598 2142 651 2202 per
668 2124 862 2183 brevissimam
881 2120 1072 2182 adiectionem
1090 2135 1141 2184 aut

110 2210 366 2269 commutationem
394 2209 514 2268 veritate
542 2210 701 2268 sententiae
730 2208 888 2280 confessio,
921 2227 993 2289 quae
1021 2210 1140 2270 salutem

112 2293 304 2374 sperabatur,
328 2293 424 2352 subtili
447 2293 568 2373 quodam
591 2295 712 2354 transitu
733 2305 837 2372 vergat
858 2294 887 2353 in
910 2304 1040 2353 mortem.
1084 2295 1138 2354 At·

115 2399 171 2460 que
186 2380 259 2440 baec
279 2378 391 2460 quidem
410 2380 536 2439 involuta
555 2380 643 2438 fallax
661 2377 820 2439 disserendi
839 2381 912 2438 ratio
933 2397 996 2438 cum
1014 2381 1043 2438 in
1062 2381 1157 2443 omni,

109 2465 255 2524 orationis
278 2483 386 2542 genere
408 2466 511 2523 vitiosa
534 2475 591 2535 est,
616 2474 674 2523 tum
695 2465 724 2524 in
747 2462 857 2543 synodo
876 2458 989 2524 minime
1007 2463 1137 2538 ferenda,

110 2551 195 2612 caius
214 2559 258 2609 est
275 2549 348 2608 baec
366 2549 427 2608 laus
445 2551 609 2631 praecipua,
630 2567 692 2608 eam
710 2551 739 2609 in
754 2548 885 2609 docendo
902 2547 1054 2612 dilucidam
1069 2569 1139 2609 con·

110 2636 222 2693 sectari
246 2632 361 2693 dicendi
384 2635 538 2705 rationem,
567 2653 639 2712 quae
663 2635 768 2712 nullum
791 2635 957 2716 offensionis
980 2636 1139 2715 perieulum

100 2719 267 2800 ¹relinquat.
313 2718 374 2791 Quo
393 2721 421 2777 in
440 2737 548 2796 genere
566 2717 686 2796 proinde
706 2719 729 2776 si
749 2718 814 2798 quid
837 2731 987 2798 peccatum
1009 2722 1060 2792 sit,
1083 2720 1138 2781 bae
1177 2723 1182 2730 “
1266 2741 1273 2751 ·

111 2815 249 2883 nequeat,
268 2823 340 2882 quae
360 2803 458 2862 afferri
477 2805 560 2873 solet,
580 2800 700 2861 subdola
714 2805 900 2862 excusatione
915 2802 1041 2875 delendi,
1061 2804 1138 2884 qnod

104 2907 187 2968 ¹quae
215 2889 319 2948 alicubi
347 2886 443 2947 durius
471 2886 549 2946 dicta
576 2884 750 2957 exciderint,
780 2905 815 2946 ea
842 2887 914 2946 locis
941 2888 1004 2947 aliis
1027 2889 1138 2966 planius

109 2973 259 3052 explicata
273 2975 420 3033 autetiam
439 2983 573 3034 correcta
592 2973 782 3053 reperiantur,
802 2974 882 3050 quasi
900 2991 1010 3050 procax
1027 2973 1137 3034 istbaec

109 3058 275 3118 affirmandi
294 3069 324 3117 et
342 3057 479 3138 negandi,
504 3077 538 3116 ac
561 3077 655 3117 secum
675 3076 727 3137 pro
747 3056 828 3116 libito
847 3055 991 3135 pugnandi
1009 3058 1136 3131 licentia,
1178 3073 1184 3080 “

111 3163 188 3226 quae
210 3143 392 3204 frandulenta
414 3162 528 3222 semper
550 3144 603 3202 luit
625 3153 791 3203 novatorum
812 3143 919 3202 astutia
950 3141 987 3203 ad
1015 3143 1137 3203 circum·

110 3227 277 3290 vtentionem
296 3231 418 3301 erroris,
438 3249 494 3288 non
511 3230 606 3306 potius
625 3227 660 3288 ad
679 3225 868 3308 prodendum,
894 3247 976 3307 quarn
994 3227 1031 3287 ad
1043 3248 1137 3289 exen-

110 3316 231 3374 sandum
254 3320 382 3374 er'rorem
404 3315 528 3384 valeret,
556 3324 605 3373 aut
632 3315 712 3392 quasi
738 3311 854 3373 rudibus
876 3314 1060 3393 praesertim,
1089 3315 1137 3392 qui

111 3401 142 3459 in
166 3401 239 3460 banc
262 3402 308 3462 vel
334 3400 411 3460 illam
434 3400 510 3458 forte
533 3397 688 3459 inciderint
704 3409 814 3478 partem
833 3395 935 3478 synodi
952 3399 1064 3475 vulgari
1082 3398 1137 3458 lin-

109 3505 170 3564 gua
189 3486 316 3551 omnibns
335 3486 498 3565 expositae,
521 3486 637 3563 praesto
656 3503 770 3564 semper
786 3493 883 3544 essent
905 3483 974 3554 alia,
998 3500 1070 3562 quae
1093 3483 1137 3542 in-

110 3569 262 3651 spicienda
280 3573 389 3642 forent,
414 3568 542 3650 dispersa
565 3570 643 3641 loca,
667 3579 717 3627 aut
738 3569 782 3628 his
805 3569 889 3629 etiam
911 3569 1049 3647 inspectis
1066 3569 1135 3628 satia

109 3657 216 3736 cuique
236 3657 381 3716 facultatis
399 3665 566 3735 suppeteret
579 3653 616 3714 ad
634 3673 668 3714 ea
688 3655 730 3713 sic
748 3673 801 3734 per
818 3673 849 3714 se
868 3652 1075 3733 componenda,
1094 3663 1199 3726 ΜΓ

110 3817 283 3832 Μ

149 3907 172 3958 t)
182 3904 208 3950 S.
218 3905 266 3952 Lao
275 3907 308 3952 bl.
319 3919 356 3964 ep.
367 3905 481 3951 CXXIX„
492 3907 548 3952 adit.
558 3903 646 3951 baller.
