2648 4336
216 248 299 308 ree
424 283 431 298 a
529 243 657 301 nunu.
679 246 768 303 sun.
790 227 961 302 rusren'

219 385 455 468 quemadmodum
470 405 620 466 perperam
635 389 682 446 isti
697 386 837 457 effutiunt,
856 389 964 456 erroris
982 406 1064 452 omne
1083 391 1228 467 perieulum

218 475 347 551 effugere
360 473 500 534 ualerent.
546 472 782 534 Exitiosissimum
801 473 933 550 prolecto
952 473 1113 534 insinuandi
1130 477 1228 535 erroris

217 559 383 630 artificium,
407 557 483 638 qued
501 560 529 618 in
549 557 858 636 Constantinopolitani
876 559 1010 619 antistitis
1028 559 1155 620 Nestorii
1172 561 1227 622 lite·
1290 575 1291 644 t

146 654 148 668 ¹
217 647 257 704 ris
288 645 342 705 iarn
376 644 442 704 elim
474 645 620 722 sapienter
650 643 793 704 detectum
821 645 988 722 grauissima
1014 646 1227 723 reprehensione

216 729 428 810 praedecessor
444 740 544 790 noster
562 729 775 804 Coelestinus⁸)
796 731 941 808 coarguta,
966 732 1065 810 quibus
1090 751 1186 810 nempe
1203 733 1227 790 in
1290 753 1291 778 1

216 816 308 877 literis
330 816 487 893 vestigatus
510 825 657 876 veterator
679 817 742 887 ille,
770 813 926 894 deprensus
949 827 1106 892 attentus,
1134 837 1181 876 sue
1202 836 1227 876 se
1290 879 1291 886 ,

217 902 394 980 multiloquio
418 900 608 973 labefaciens,
633 900 697 960 dum
719 921 788 960 vera
807 897 954 961 involvens
973 902 1118 974 obscuris,
1143 921 1227 961 rursus

173 1039 176 1043 .
217 997 338 1065 utraque
371 985 549 1046 confundens
580 987 626 1047 vel
659 987 846 1047 eonfiteretur
877 997 995 1066 negata,
1022 989 1070 1047 uel
1102 990 1229 1048 niteretur
1290 1057 1291 1060 Ἴ

217 1091 325 1150 negare
341 1071 483 1154 confessa.
528 1069 574 1130 Ad
595 1092 664 1151 quas
683 1071 868 1152 depellendas
886 1072 1002 1132 insidias
1021 1074 1135 1133 nimium
1153 1091 1227 1152 saepe
1290 1075 1291 1114 ἶ

218 1158 295 1218 emni
312 1165 408 1216 aetate
427 1167 580 1218 renovatas
599 1178 655 1217 non
674 1160 729 1218 alia
749 1159 845 1237 potior
861 1161 908 1217 uia
930 1159 1000 1218 inita
1022 1169 1082 1230 est,
1107 1179 1184 1238 quam
1204 1167 1229 1216 ut
1290 1145 1291 1236 l

206 1241 253 1302 'iis
272 1240 449 1320 exponendis
467 1244 630 1315 sententiis,
655 1263 726 1323 quae
745 1244 796 1302 sub
816 1244 933 1302 latibulo
952 1244 1146 1322 ambiguitatis
1163 1245 1229 1324 peri·

217 1328 343 1387 eolesam
358 1327 600 1406 suspiciosumque
616 1330 762 1390 inuoluunt
775 1328 996 1408 discrepantiam
1014 1348 1155 1401 sensuum,
1173 1346 1228 1408 per·

215 1432 300 1473 versa
313 1413 486 1491 significatio
502 1425 659 1486 notaretur,
680 1416 725 1474 eui
741 1415 872 1476 subesset
886 1433 978 1487 error,
998 1435 1082 1494 quem
1097 1415 1227 1475 catholiea

216 1499 358 1560 sententia
377 1498 556 1577 reprobaret.
1060 1567 1064 1572 v
1290 1525 1291 1554 o

303 1583 392 1658 Quem
415 1594 445 1644 et
463 1603 515 1643 nos
533 1583 738 1644 moderationis
756 1585 868 1663 plenam
887 1588 1026 1658 rationem
1050 1605 1087 1646 eo
1111 1585 1227 1646 libentius

215 1671 340 1750 amplexi
362 1689 469 1739 sumus,
498 1689 554 1747 que
577 1671 667 1749 magis
689 1669 726 1728 ad
748 1669 980 1730 reenneiliandos
1002 1673 1126 1743 animos,
1153 1665 1228 1729 etad
1290 1703 1291 1752 3

215 1757 352 1816 unitatem
374 1755 489 1833 spiritus
511 1757 541 1813 in
562 1756 676 1814 vinculo
699 1757 779 1835 pacis
801 1755 986 1818 adducendos
1014 1756 1103 1836 (quod
1129 1757 1228 1814 favente
1290 1759 1291 1824 i

215 1839 279 1902 Deo
297 1841 325 1900 in
344 1839 471 1919 pluribus
490 1838 645 1918 gaudemus
663 1843 725 1900 iure
745 1841 869 1902 feliciter
887 1844 1029 1914 euenisse)
1054 1862 1155 1920 magno
1176 1841 1227 1902 lert

215 1925 378 1986 adiumento
397 1927 603 2004 prospeximus,
623 1925 775 2005 prouidere
793 1929 922 2006 primum,
942 1947 977 1988 ne
995 1927 1193 2006 pertinacibus,
1209 1923 1228 1980 si
1290 1989 1291 2016 1

216 2013 263 2090 qui
280 2022 466 2090 supererunt,
490 2010 565 2090 quod
584 2011 662 2071 Deus
680 2023 805 2083 avertat,
829 2011 932 2091 synodi
954 2014 1146 2074 sectatoribus
1167 2012 1217 2068 inte
1290 2027 1291 2090 ξ

215 2116 297 2174 grum
315 2097 353 2156 sit
369 2097 490 2174 postbae
510 2095 546 2156 ad
566 2117 655 2156 nouas
674 2099 770 2157 turbas
789 2097 906 2158 ciendas
925 2099 1015 2160 iustae
1034 2119 1104 2159 snae
1127 2096 1227 2156 damna·
1290 2101 1291 2174 ,

215 2182 301 2246 tionis
320 2193 470 2240 consortes
488 2182 576 2241 ueluti
594 2203 629 2242 ac
648 2183 742 2244 socias
760 2184 813 2242 sibi
833 2181 997 2244 adsciscere
1015 2185 1129 2244 scholas
1143 2179 1227 2244 eatbo·
1290 2175 1291 2240 l

215 2265 295 2336 lices,
316 2285 385 2345 quas
403 2267 505 2326 invitas
523 2267 607 2346 plane
626 2287 660 2327 ac
675 2279 867 2348 repugnantes
881 2288 934 2347 per
947 2267 1089 2330 detortam
1104 2263 1227 2348 quandam
1290 2249 1291 2344 l

116 2383 123 2388 ·
215 2351 340 2412 affinium
364 2351 567 2410 uocabulorum
592 2352 804 2412 similitudinem
831 2355 860 2412 in
888 2373 1037 2434 expressa,
1067 2375 1146 2434 quam
1172 2350 1225 2409 illae
1290 2385 1291 2418 3

214 2445 357 2495 testantur
374 2437 578 2496 sententiarum
598 2435 864 2510 dissimilitudinem,
884 2441 912 2498 in
931 2451 1027 2518 partes
1046 2459 1112 2500 suas
1131 2445 1226 2518 pertra-

213 2520 284 2582 here
303 2520 439 2578 nituntur.
484 2518 595 2578 Deinde
613 2522 638 2578 si
656 2540 726 2599 quos
744 2521 937 2600 imprudentes
955 2525 1048 2603 aliqua
1068 2523 1168 2585 lelellit
1187 2513 1227 2576 ad·
1290 2519 1291 2526 ’

212 2604 269 2663 lunc
291 2613 506 2682 praeconcepta
529 2605 625 2663 mitior
648 2607 744 2684 opinio
768 2605 804 2666 de
828 2607 953 2688 synode,
977 2609 1020 2668 bis
1043 2611 1128 2669 etiarn
1150 2603 1226 2664 omnb

214 2685 410 2766 conquerendi
429 2689 510 2748 loeus
528 2689 739 2769 praecludatur,
759 2693 805 2771 qui
825 2693 848 2750 si
867 2704 948 2753 reete
966 2695 1088 2772 sapiunt,
1108 2685 1226 2751 utuideri
1290 2759 1291 2762 Ἴ

212 2774 326 2846 velunt,
344 2791 433 2852 aegre
452 2773 529 2834 ferre
549 2786 692 2854 nequeant
709 2775 856 2836 doctrinas
875 2777 1002 2840 damnari
1020 2780 1062 2839 sie
1081 2777 1225 2838 denotatae
1290 2775 1291 2804 ³

214 2879 286 2938 quae
306 2877 421 2918 errores
438 2877 508 2937 prae
527 2879 557 2918 se
577 2860 685 2933 lerant,
709 2881 725 2920 a
745 2861 844 2940 quibus
862 2863 916 2941 ipsi
934 2862 1105 2943 profitentur
1126 2881 1155 2922 se
1175 2859 1226 2916 too·

214 2945 328 3024 gissinoe
347 2943 458 3004 abesse.

161 3056 201 3102 ω
299 3028 430 3089 Necdum
454 3039 546 3089 tamen
569 3033 639 3090 satis
666 3051 704 3091 ex
729 3033 823 3090 animo
852 3033 962 3094 lenitati
991 3043 1106 3095 nostrae
1133 3032 1225 3090 laetum

213 3116 385 3192 putavimus,
407 3133 459 3174 seu
480 3117 576 3175 verius
600 3119 726 3188 caritati,
752 3137 823 3196 quae
846 3129 931 3196 urget
953 3138 1005 3178 nos
1029 3138 1098 3198 erga
1122 3118 1224 3175 fratrem
1290 3187 1291 3192 η

213 3208 355 3270 nostrum,
379 3199 425 3258 eui
444 3203 520 3259 omni
544 3220 598 3280 ope
620 3202 761 3273 volumus,
789 3204 813 3261 si
836 3202 929 3264 adbuc
953 3223 1113 3282 possumus,
1136 3198 1223 3259 snbve-

213 3283 277 3344 nire
291 3283 330 3356 ⁹).
376 3282 487 3344 Caritas
506 3303 607 3364 nempe
625 3287 673 3346 illa
693 3299 776 3365 urget
798 3307 864 3360 nos,
888 3309 941 3368 qua
965 3287 1095 3348 inductus
1117 3279 1224 3366 praede·

214 3387 314 3431 cessei·
336 3379 435 3429 noster
458 3369 639 3430 Caelestinus
653 3375 700 3444 ¹⁰)
729 3375 814 3432 etiam
838 3384 939 3434 eontra
964 3375 1021 3445 fas,
1050 3393 1100 3434 seu
1127 3363 1222 3430 maiori

214 3471 296 3532 quana
314 3455 358 3512 fas
377 3473 440 3517 esse
459 3453 620 3528 uideretur,
638 3458 777 3536 patientia
795 3458 963 3520 sacerdotes
982 3454 1165 3538 corrigendos
1181 3468 1223 3509 ex·

213 3547 346 3617 spectare
365 3558 421 3599 non
440 3539 591 3600 abnuebat.
635 3539 729 3620 Magis
748 3545 821 3603 enim
842 3565 904 3604 eum
921 3545 1081 3624 Augustino
1093 3545 1101 3584 ¹
1113 3545 1138 3615 ¹)
1151 3533 1221 3598 Mile·

214 3691 386 3707 'buu—n*—

262 3803 283 3850 8)
298 3797 322 3841 S.
334 3797 483 3844 coelestino·
493 3816 530 3859 ep.
540 3803 612 3850 xltt.
623 3821 645 3851 n.
655 3811 676 3851 2.
686 3820 724 3864 ep.
736 3809 816 3855 Cenat.
831 3836 857 3846 —
870 3814 890 3866 9)
906 3812 931 3860 S.
943 3814 1046 3859 coelest.
1057 3830 1092 3872 ep.
1105 3819 1135 3858 lt.
1149 3812 1174 3856 nd
1187 3819 1220 3863 ll·
1290 3803 1291 3840 l

212 3847 291 3940 ppslrp
302 3849 476 3942 ffippfflp.
488 3854 568 3899 conae.
580 3881 604 3890 -
618 3860 652 3912 ro)
662 3858 744 3911 enta.
755 3863 784 3904 au
795 3861 882 3904 uentos
900 3877 921 3905 o.
933 3867 1032 3918 o.-11>
1044 3868 1116 3923 spurt.
1128 3865 1168 3909 cue.
1175 3860 1218 3920 pt
1290 3861 1291 3892 u
