2654 4330
206 218 284 278 ns
372 186 1077 276 sussroxxruunnunonuar„
1185 243 1189 254 s

207 355 348 438 capituto,
367 352 419 415 se'd
437 353 472 413 ab
490 352 555 414 aliis
573 352 730 433 quibusvis,
750 352 778 411 in
797 349 995 412 iurisdictione
1015 350 1145 431 episcopi
1161 349 1233 412 loco

205 442 325 523 capituli
342 438 413 501 sede
430 449 552 500 vorante
576 437 810 509 succedentibus,
833 436 1013 508 obtinerent,
1041 434 1159 499 mandat
1180 455 1233 499 ex·
1324 475 1325 498 i

206 527 297 590 tendi.
342 525 545 604 concedentes
562 534 656 585 autem
674 523 850 584 dimissorias
869 533 971 584 contra
988 524 1108 584 forman
1119 519 1232 588 decuti

204 605 246 676 ab.
261 613 355 676 officio
374 623 406 672 et
423 610 567 672 beneficio
585 630 638 689 per
656 611 757 671 annuns
777 610 834 670 sint
852 611 914 688 ipso
933 609 994 670 iure
1013 609 1155 689 suspensi.

203 737 232 786 G.
250 735 295 784 Xt.
330 735 484 782 laterttitia
506 734 533 780 iu
556 734 715 794 susceptione
737 733 863 778 minorum
882 730 1014 791 ardebam,
1037 737 1064 777 et
1082 735 1159 779 certe
1177 730 1232 777 utic

550 807 695 863 praecepto
713 799 882 849 obseruando.
960 827 962 830 -
1049 833 1052 842 .

289 885 418 946 Minores
441 882 559 944 ordines
581 885 629 956 iis,
653 885 700 964 qui
718 883 818 944 saltem
843 883 1105 962 latinam-linguatu
1125 883 1233 942 intolli-

204 982 282 1052 gant,
301 990 356 1051 per
372 981 530 1048 temporum
548 970 751 1044 interstitia1)‚
771 969 825 1029 nisi
843 967 920 1028 aliud
938 971 1076 1049 episeopo
1090 965 1233 1048 expedire

204 1059 295 1136 magis
321 1055 483 1127 videretur,
511 1056 711 1126 conferantur,
739 1066 770 1116 ut
796 1074 834 1115 co
860 1056 1023 1117 accuratius
1038 1065 1178 1134 ,quantum
1196 1055 1234 1113 sit

203 1143 286 1201 buius
313 1140 482 1220 disciplinae
505 1139 615 1220 pondus
641 1140 753 1220 possint
778 1138 912 1213 edoceri,
940 1160 975 1200 ac
1001 1140 1030 1199 in
1058 1157 1233 1219 unoquoquo

153 1240 321 1287 neamunere
339 1227 420 1286 iuxta
436 1227 644 1306 praescriptum
664 1226 793 1305 episcopi
811 1245 843 1285 se
862 1236 1020 1286 exerceant
1028 1227 1073 1300 ²),
1096 1224 1185 1306 idque
1204 1227 1233 1284 in

204 1334 253 1386 ea,
277 1313 322 1372 cui
341 1311 480 1390 adscripti
491 1315 492 1318 ’
504 1322 596 1383 erunt,
615 1311 742 1371 ecelesia
780 1309 846 1386 (nisi
864 1312 940 1370 forte
959 1330 997 1370 ex
1015 1331 1102 1370 cansa
1119 1309 1233 1371 studio·

203 1420 265 1460 rum
283 1398 405 1471 absint),
428 1407 514 1478 atque
532 1399 572 1456 ita
592 1396 628 1457 de
646 1395 738 1476 gradu
755 1397 784 1455 in
803 1394 921 1476 gratim
940 1395 1134 1468 adscendunt,
1151 1407 1186 1456 ut
1202 1398 1233 1455 in

190 1485 239 1556 'iis
257 1476 329 1544 'curm
356 1492 452 1542 aetate
478 1483 555 1542 vitae
583 1483 713 1542 meritum
742 1492 772 1540 et
798 1479 931 1542 doctriru
953 1484 1045 1542 maior
1065 1493 1230 1556 accrescat,
1324 1547 1325 1554 ,

204 1567 279 1650 quod
299 1579 329 1630 et
345 1567 484 1628 bonorum
503 1587 611 1628 morum
635 1569 809 1648 exemplum,
833 1579 864 1627 et
885 1567 1027 1628 assiduum
1050 1569 1078 1626 in
1102 1569 1232 1628 ecclesia

203 1656 403 1726 ministerium,
427 1664 512 1734 atque
535 1655 627 1714 maior
648 1673 720 1732 erga
736 1653 923 1733 presbyteros
946 1663 976 1712 et
998 1655 1163 1733 superiores
1183 1674 1233 1713 or-

203 1741 285 1800 dines
307 1741 484 1812 reverentia,
508 1751 538 1800 et
561 1738 706 1810 crebrior,
734 1759 816 1818 quam
839 1749 948 1810 antea,
968 1739 1098 1820 corporis
1121 1739 1232 1800 Christi

202 1827 364 1886 communio
383 1827 503 1885 maxime
523 1824 758 1905 comprobabunt.
805 1824 951 1905 Quumque
969 1825 1035 1884 binc
1054 1824 1230 1885 adultiores
1324 1865 1325 1880 1

202 1911 310 1991 gradus
324 1922 355 1972 et
367 1913 560 1971 sacratissima
570 1913 708 1991 mysteria
721 1913 760 1971 sit
772 1911 929 1988 ingressus,
945 1930 1028 1970 nemo
1038 1911 1073 1972 iis
1088 1912 1228 1983 initietur,

201 2017 285 2078 quern
295 2015 352 2056 non
363 1998 503 2057 scientiae
512 2015 578 2077 spes
587 1997 744 2056 maioribus
753 1995 901 2056 ordinibus
919 1995 1034 2076 dignum
1044 1995 1228 2073 osmunt).

202 2083 238 2143 Hi
260 2104 331 2144 vero
350 2102 407 2140 non
426 2083 480 2141 nisi
498 2092 564 2162 post
591 2103 692 2143 annum
716 2103 733 2142 a
755 2084 937 2164 susceptione
960 2084 1097 2162 postremi
1120 2081 1229 2162 gradus

201 2171 340 2228 minorum
365 2166 494 2227 ordinum
518 2166 554 2227 od
577 2188 677 2228 saeros
700 2167 816 2229 ordines
839 2179 1074 2249 promoveantur,
1099 2171 1153 2230 nisi
1176 2189 1229 2231 ne·

161 2259 165 2266 '
199 2256 322 2314 cessitas
345 2263 396 2314 aut
413 2253 555 2313 ecclesiae
573 2254 681 2312 utilitas
707 2251 815 2314 iudicio
833 2255 963 2334 episcopi
981 2252 1058 2313 aliud
1077 2267 1229 2336 exposcat.

235 2377 263 2424 c.
283 2374 341 2425 xit,
380 2372 463 2423 Aetna
483 2373 520 2422 ad
535 2376 647 2422 nidores
665 2373 934 2489 ordineqreqsttitm
961 2375 1033 2439 digua·
1048 2375 1186 2424 duntaxat

637 2456 755 2490 onumen
774 2460 790 2490 ι.

286 2525 388 2586 Nullus
424 2523 454 2584 in
479 2535 624 2604 posterum
661 2526 697 2586 ad
725 2525 955 2588 ¹subdiaconatus
992 2527 1121 2589 ordinem
1157 2539 1227 2590 anto

199 2613 366 2694 vigesimum
385 2608 554 2684 secundum,
573 2609 609 2670 ad
637 2611 806 2672 diaconatus
830 2625 896 2674 anto
914 2616 1081 2693 vigesimum
1101 2604 1227 2688 tertium,

199 2696 237 2758 ad
263 2696 479 2780 presbyteratus
514 2707 580 2756 ante
611 2697 784 2776 vigesirnuur‘
805 2700 930 2778 quintum
957 2701 1060 2759 aetatis
1082 2719 1153 2760 suae
1173 2711 1228 2759 'an-

199 2800 265 2846 nunt
288 2785 539 2866 promoveatur4).
586 2779 688 2843 Sciant
713 2793 808 2844 tamen
836 2785 979 2865 episcopi,
1007 2805 1065 2844 non
1097 2786 1227 2864 singulos
1322 2783 1323 2838 i

198 2872 228 2940 in
260 2890 295 2931 ea
330 2879 426 2930 aetate
459 2870 631 2928 constitutos
662 2866 770 2930 debere
806 2868 843 2928 ad
877 2869 930 2930 bos
962 2870 1078 2931 ordines
1110 2874 1227 2944 monti,

197 2955 250 3016 sad
278 2954 381 3036 dignos
408 2951 560 3026 duntaxat,
588 2966 619 3015 et
646 2975 763 3034 quorum
786 2955 908 3035 probata
930 2957 987 3015 vita
1015 2967 1151 3017 senectus
1178 2960 1226 3016 sit.

174 3041 356 3124 .Regulares
384 3061 496 3122 quoque
523 3060 578 3102 nec
605 3041 635 3100 in
662 3041 765 3101 minori
783 3051 893 3112 aetate,
922 3060 976 3101 nec
1003 3043 1064 3102 sine
1092 3040 1227 3122 diligenti

198 3128 328 3206 episcopi
351 3127 482 3187 examine
506 3125 688 3200 ordinenturq
711 3126 870 3207 privilegiis
893 3126 1106 3207 quibuscunque
1131 3127 1226 3209 quo'ad

197 3211 254 3271 boc
272 3212 386 3292 penitus
404 3210 538 3271 exclusis.

144 3357 185 3400 tut
198 3350 225 3398 ῦ.
243 3349 311 3399 xrtt
346 3347 506 3399 Sadducaeos·
520 3353 547 3395 et
564 3348 670 3397 dtaeeat
691 3349 822 3397 cardinatis
840 3350 941 3413 quatu,
964 3357 993 3397 et
1008 3364 1097 3399 sonans
1120 3365 1227 3412 urum
1321 3369 1322 3384 π

357 3418 425 3469 nulli
440 3418 544 3468 ordines
560 3421 635 3468 sons·
649 3417 699 3466 dato
716 3419 893 3484 conserantur
910 3419 995 3468 eodem
1013 3420 1063 3470 dte.
1138 3431 1140 3436 ’

284 3501 461 3563 Subdiaconi
483 3513 514 3563 et
536 3499 651 3562 diaconi
674 3501 844 3563 ordinentur
860 3502 1001 3564 babentes
1018 3504 1123 3564 bouum
1141 3507 1227 3565 testi·

198 3587 375 3668 nonium),
399 3585 480 3660 etin
502 3586 658 3648 minoribus
681 3586 828 3650 ordinibus
850 3589 907 3650 ianr
924 3590 1054 3670 probati,
1077 3609 1111 3650 ac
1132 3591 1227 3652 diteris

197 3693 409 3714 munt—:hna-

207 3761 209 3768 .
242 3724 321 3774 fleas.
329 3728 427 3778 xxm.
447 3736 467 3784 t)
478 3735 510 3782 ci.
519 3736 536 3781 1.
546 3735 563 3781 1.
574 3741 679 3792 pacati.
689 3740 737 3782 nt.
749 3745 774 3782 ot
782 3739 853 3784 inira.
864 3744 925 3787 ott.
934 3765 962 3776 -
973 3745 997 3797 ²)
1006 3742 1039 3787 ei.
1049 3742 1105 3787 infr.
1115 3746 1181 3789 e.·tt.
1189 3767 1224 3782 -u

190 3789 211 3822 e.
220 3781 242 3822 8.
251 3780 281 3823 Ι).
292 3781 357 3826 ΗΧ.
368 3783 449 3840 (erog,
460 3788 492 3840 t.)
511 3812 535 3822 -·
552 3791 575 3841 dt
584 3793 630 3832 Μ.
641 3792 662 3833 ².
672 3790 702 3833 D.
713 3789 778 3834 htx.
788 3793 923 3886 (Ζωίυῦε.
933 3796 954 3838 4.
971 3793 1000 3837 ib.
1014 3792 1131 3850 (coelest.
1155 3813 1182 3830 ···
1193 3799 1221 3847 4)
1320 3809 1321 3842 ζ

190 3827 767 3944 gh5⁸8udd¹.ffldtVdidbibdb⁰¹d'ymmo·
782 3841 867 3908 (cleu.
900 3849 919 3895 .)
936 3867 962 3880 -
980 3845 1113 3896 ututur
1147 3850 1221 3890 J.-
