2654 4334
364 35 370 72 l

264 257 429 312 sossio
457 256 546 312 xxv.
580 219 640 312 nn'
668 256 941 314 urrunnun.
1039 261 1119 323 m
1212 297 1214 306 ,

73 393 320 478 sanctasynodus
331 393 486 468 desiderat,
506 406 539 456 ut
555 399 650 457 omnia
668 409 699 458 et
716 399 828 478 singula
844 377 1011 480 supradicta
1030 419 1116 482 qnam

72 487 204 565 primum
232 483 413 542 exsecutioni
435 481 656 556 demandentur,
679 486 823 564 praecipit
844 486 976 546 omnibns
998 489 1117 566 opisco-

72 572 136 651 pis,
158 571 190 628 in
207 569 391 628 monasteriis
412 569 467 629 sibi
485 569 636 640 subiectis,
659 579 690 628 et
712 571 741 628 in
760 570 889 630 omnibus
907 571 970 632 aliis
992 573 1063 652 ipsis
1084 574 1113 634 in

73 655 282 738 superioribas
313 653 439 714 decretis
467 655 634 734 specialiter
664 655 835 736 commissis,
864 666 950 736 atque
977 657 1115 720 omnibus

73 741 235 802 abbatibus
253 750 284 799 et
301 740 501 818 generalibus,
521 750 551 800 et
568 740 632 800 aliis
650 741 995 820 superioribusordinum
1013 763 1115 823 snpra·
1163 773 1177 808 s

74 827 242 898 dictorum,
260 836 292 884 nt
313 827 407 884 statim
430 824 580 905 praedicta
598 837 801 906 exsequantur.
845 825 884 886 lit
900 819 1011 908 siquid
1029 847 1115 890 exso

74 913 195 972 anfioni
212 909 375 970 mandatnm
398 930 454 970 non
473 913 519 982 sit,
540 911 741 991 episcoporum
764 913 969 990 negligentiam
988 915 1115 976 macilis

73 998 275 1078 provincialia
297 996 449 1076 suppleant
470 1007 502 1056 et
522 1007 689 1056 coerceant.
734 996 918 1076 llogularinm
940 1017 1011 1058 varo
1034 1001 1114 1080 eapi-

72 1085 137 1144 tula
147 1082 340 1164 provincialia
354 1093 385 1141 ot
402 1082 559 1160 generalia,
579 1092 610 1142 et
626 1084 655 1143 in
671 1081 814 1144 daioetum
825 1083 1014 1164 capitulorum
1024 1103 1114 1163 pono·

73 1171 185 1229 talium
204 1169 330 1228 concilia
346 1167 544 1247 provincialia,
563 1187 617 1248 per
634 1168 857 1248 deputationem.
868 1169 1025 1250 aliquorum
1037 1171 1115 1232 cius·

75 1254 146 1315 dem
167 1253 280 1314 ordinis
297 1251 479 1333 provideant.
525 1253 664 1314 llortatur
685 1255 772 1314 etiam
789 1263 890 1315 sancta
908 1254 1034 1336 synodus
1053 1276 1116 1316 om·

74 1361 129 1401 nes
149 1359 249 1420 reges,
267 1339 428 1419 principos,
446 1339 623 1419 respublicas
645 1350 676 1400 et
692 1341 891 1419 magistratus,
913 1352 944 1401 ot
960 1342 990 1402 in
1007 1343 1114 1402 utnon

75 1437 203 1487 sauctae
227 1424 410 1486 obedientiae
432 1426 589 1505 praecipit,
616 1435 648 1485 ut
668 1425 759 1486 vobnt
779 1424 936 1506 praedictis
959 1426 1113 1507 episcopis,
1166 1435 1183 1452 ⁸

76 1512 237 1572 abbatibus
259 1531 294 1570 ac
322 1511 520 1590 generalibus,
553 1521 583 1570 ot
610 1513 716 1571 ueteris
742 1513 900 1591 praefectis
926 1514 955 1573 in
983 1515 1114 1592 superius

77 1607 239 1659 contentae
257 1597 471 1657 reformationis
498 1599 684 1657 exsecutione
707 1615 787 1656 suum
813 1597 948 1657 auxilium
966 1607 997 1656 at
1013 1607 1115 1656 aucto·

77 1685 200 1746 ritatem
217 1683 418 1762 interponere,
437 1683 550 1762 quotics
567 1683 676 1744 luerint
692 1683 836 1762 requisiti,
857 1692 888 1744 ut
904 1682 966 1743 sino
985 1682 1043 1742 nllo
1062 1685 1114 1742 im-

78 1767 250 1848 pedimento
278 1770 437 1849 praemissa
458 1779 540 1828 recte
564 1777 756 1848 excoquantur
781 1766 819 1827 ed
841 1765 955 1828 laudem
976 1766 1031 1830 Dei
1054 1788 1115 1828 om·

78 1856 251 1936 nipotontis.

245 2029 486 2078 oscannum
518 2027 570 2075 nn
591 1991 957 2078 bunonuauioua.
1126 2037 1167 2084 m

80 2149 107 2196 c.
126 2149 147 2195 l.
193 2147 346 2194 Cardinalcr
370 2153 398 2194 et
418 2159 504 2194 omnes
524 2145 692 2192 ecclesiarum
711 2145 833 2205 praelati
852 2144 994 2192 modestum
1026 2143 1116 2204 capel·

123 2215 239 2264 lectitent
256 2221 285 2262 ct
300 2227 413 2263 mecum
431 2215 553 2263 dabam.
592 2214 800 2274 Comaaguiaaoc
812 2213 999 2278 familiarem
1019 2224 1081 2261 taos

363 2297 399 2331 aa·
416 2284 488 2330 bonis
505 2283 630 2330 eccleciae
644 2296 695 2329 aon
713 2289 835 2344 augeant.

172 2368 331 2450 Optandum
358 2378 416 2439 est,
444 2377 476 2428 ut
501 2368 536 2438 ii,
565 2367 612 2447 qui
630 2367 795 2447 episcopale
818 2365 1005 2426 ministerium
1024 2368 1115 2426 susci·

80 2461 179 2538 piunt,
199 2474 272 2535 quae
291 2473 359 2513 suae
378 2455 434 2512 sint
450 2462 548 2534 partes
566 2462 739 2530 agnoscant,
764 2472 798 2512 ac
817 2470 848 2510 so
866 2471 924 2510 non
942 2450 979 2510 ad
997 2454 1115 2533 propria

81 2540 250 2612 commoda,
264 2559 327 2610 ,non
345 2537 382 2597 ad
401 2537 516 2598 divitias
534 2547 584 2596 aut
602 2537 706 2609 luxum,
725 2536 777 2597 sed
795 2535 832 2597 ad
851 2536 967 2597 labores
985 2547 1016 2596 et
1033 2538 1114 2597 solli-

82 2625 228 2688 citudines
249 2644 302 2706 pro
321 2623 377 2684 Dei
399 2625 493 2702 gloria
510 2633 630 2684 vocatos
653 2642 717 2683 osse
735 2623 908 2700 intelligant.
955 2620 1019 2682 Neo
1038 2625 1114 2682 enim

82 2709 271 2775 dubitandum
289 2720 342 2783 est,
362 2720 393 2770 et
410 2707 510 2770 fideles
528 2709 654 2787 reliquos
672 2707 708 2766 ad
726 2709 1116 2787 religioneminnoeentiam-

81 2819 138 2880 qne
163 2797 277 2858 facilius
303 2794 532 2865 inflammandos,
560 2794 584 2852 si
610 2795 791 2875 praepositos
817 2812 885 2852 suos
906 2792 1032 2854 viderint
1058 2814 1113 2852 non
1170 2795 1171 2800 ’

81 2905 133 2958 ea,
165 2902 238 2964 quae
265 2879 361 2944 mundi
387 2892 461 2954 sunt,
488 2878 540 2940 sed
566 2879 722 2940 animarum
748 2879 868 2938 salutem
895 2898 929 2938 ac
958 2878 1114 2938 coelestem

81 2972 207 3050 patriam
230 2967 402 3048 cogitantes.
448 2965 527 3027 llaec
551 2985 634 3044 quum
657 2962 695 3024 ad
712 2961 917 3024 restituendam
936 2965 1115 3023 ecclesiasti-

82 3077 148 3116 cam
169 3051 346 3134 disciplinam
364 3054 520 3135 praecipua
542 3069 607 3112 esso
630 3060 731 3112 sancta
752 3045 878 3130 synodus
896 3046 1114 3121 animadvertat,

81 3139 223 3202 admoram
249 3139 400 3220 episcopos
428 3131 539 3210 omnes,
567 3149 598 3198 ut
628 3156 725 3197 secum
753 3155 788 3196 ea
819 3153 905 3216 saepo
932 3133 1113 3207 meditantes,

83 3228 172 3288 iactis
199 3227 285 3288 otiam
311 3225 380 3304 ipsis
398 3245 433 3286 ao
450 3227 526 3286 vitae
545 3223 720 3296 actionibus,
750 3219 824 3303 quod
843 3231 888 3282 est
904 3219 992 3280 veluti
1011 3240 1116 3301 perpe·

83 3323 164 3386 tunm
183 3309 324 3392 quoddam
342 3308 531 3392 praedicandi
553 3329 657 3388 genus,
686 3329 717 3370 se
738 3309 848 3368 muneri
875 3325 929 3366 suo
951 3306 1115 3366 conformes

84 3396 254 3470 ostendant,
277 3399 305 3456 in
329 3398 426 3478 primis
447 3387 518 3456 vero
541 3397 582 3456 ita
603 3414 698 3456 mores
721 3415 787 3454 suos
810 3411 908 3453 omnes
932 3402 1114 3471 componant,

84 3495 116 3544 ut
133 3485 240 3564 reliqui
253 3481 288 3542 ab
307 3484 349 3543 cis
363 3483 545 3562 frugalitatis,
564 3479 732 3554 modestiae,
752 3480 958 3558 continentiae,
978 3497 1022 3551 ac,
1043 3497 1115 3559 qnae

84 3590 138 3630 nos
157 3579 310 3650 tantopore
330 3568 511 3631 commendat
529 3565 642 3642 Deo¹),
662 3577 779 3628 sanetae
798 3563 965 3626 humilitatis
984 3565 1115 3647 exempla

85 3665 187 3736 petere
214 3655 333 3735 possint.
379 3656 573 3736 Quapropter,
601 3653 733 3732 exemplo
760 3651 874 3712 Patrum
902 3661 1064 3710 nostrornm
1086 3651 1115 3708 iu

88 3890 313 4000 Harpquqllv.
341 3896 361 3946 t)
380 3891 412 3936 ci.
424 3890 512 3936 Psalm.
527 3889 566 3934 Cl.
582 3893 613 3934 tt.
632 3863 724 3932 Ecoloa.
738 3886 785 3933 111.
799 3891 833 3932 la.
847 3885 951 3932 XXXV.
966 3891 999 3932 et.
1031 3885 1119 3982 natet,
