2654 4334
317 231 467 286 snssro
487 231 574 285 xxv.
613 215 962 288 nnnnronusnss
1061 235 1137 290 noa

101 381 232 443 vocent,
268 381 353 451 atque
380 370 521 431 beneficia
548 370 707 430 buiusmodi
734 373 794 432 sine
831 371 932 433 damno
964 372 1013 433 illa
1044 375 1134 453 possi·

99 459 250 527 dentium,
270 466 300 516 et
317 458 450 516 restituto
469 459 597 535 patronis
616 475 665 528 eo,
691 455 766 536 quod
785 456 820 517 ab
845 458 887 517 cis
909 457 1021 518 idcirco
1041 458 1135 519 dotum

98 554 168 615 est,
193 544 222 601 in
246 542 393 621 pristinum
417 541 557 600 libertatis
580 551 682 602 statum
701 541 853 616 reducant3
883 543 1135 606 nonobstantibus

102 628 281 709 privilegiis,
311 626 561 687 constitutionibus
584 636 614 686 et
637 626 901 699 consuetudinibus,
928 629 1013 688 etiarn
1037 631 1131 688 imme·

97 711 304 772 monubilibus.

101 855 134 902 c.
153 851 189 898 X.
226 849 363 897 laetabere
381 849 476 910 synodo
495 850 658 911 designandi,
682 851 728 912 qus·
744 850 892 910 delegentur
914 866 932 898 a
953 852 1011 898 aede
1029 859 1136 917 aposto·
1175 903 1177 913 Ι

189 919 258 979 lr‘ca,·
278 933 296 964 a
314 919 404 979 quibus
421 924 449 964 ot
470 917 611 965 ordinariis
629 931 725 965 causae
741 919 855 964 breviter
873 919 1057 966 terminandae.

197 1001 337 1075 Quoniam
348 1001 384 1060 ob
395 1001 562 1060 malitiosam
582 1003 737 1081 petentium
757 1005 979 1081 suggestionem,
1000 1015 1029 1063 et
1048 1023 1136 1082 quan·
1192 1033 1197 1044 ·

98 1087 203 1168 doque
223 1087 259 1146 ob
278 1089 408 1146 locorum
428 1087 678 1166 longinquitatem,
697 1105 882 1166 personarum
902 1090 1013 1160 notitia,
1034 1089 1135 1166 quibus

102 1192 213 1233 causae
240 1171 423 1243 mandantur,
451 1191 539 1251 usque
566 1171 639 1232 adeo
667 1171 767 1230 baberi
794 1193 851 1232 non
874 1184 983 1253 potest,
1013 1174 1137 1254 bineque

101 1256 251 1318 interdum
274 1256 415 1317 iudicibus
438 1276 495 1315 non
518 1255 704 1336 undequaque
728 1255 839 1318 idoneis
864 1277 967 1318 causae
992 1260 1021 1318 in
1044 1263 1136 1338 parti-

97 1343 161 1403 bus
181 1342 365 1422 delegantur,
392 1343 492 1402 statuit
517 1341 773 1420 sanctasynodus,
802 1345 831 1402 in
858 1345 976 1423 singulis
1004 1343 1135 1403 conciliis

96 1428 331 1508 provincialibus
349 1438 399 1487 aut
416 1426 596 1487 dioecesanis
620 1427 729 1507 aliquot
750 1447 902 1506 personas,
922 1448 994 1508 quae
1013 1436 1135 1512 qualita-

103 1527 151 1574 tes
171 1514 296 1573 habeant
319 1515 398 1574 iuxta
421 1513 654 1573 constitutionem
677 1513 819 1572 bonifacii
841 1513 975 1588 Vlll.¹),
1000 1533 1071 1594 quae
1091 1520 1134 1573 in·
1181 1521 1202 1556 ’-

103 1601 193 1679 cipit:
217 1601 379 1670 Stotutum,
399 1609 429 1658 et
446 1600 571 1678 alioquin
590 1597 626 1657 ad
645 1595 673 1656 id
691 1609 772 1676 aptas
792 1597 949 1676 designari,
969 1610 1001 1657 ut
1017 1609 1135 1678 praeter

97 1683 273 1744 ordinarios
292 1683 421 1744 locorum
439 1685 475 1742 iis
493 1685 578 1743 otiam
596 1683 716 1763 posthac
740 1701 843 1742 causae
863 1685 1080 1744 ecclesiasticae
1098 1704 1134 1746 ac

102 1770 271 1850 spirituales
289 1780 319 1828 ct
341 1767 377 1827 ad
400 1770 491 1828 forum
511 1769 739 1828 ecclesiasticum
762 1770 940 1845 pertinentes
957 1771 986 1827 in
1004 1769 1134 1848 partibus
1236 1781 1239 1786 “
1301 1845 1303 1852 y

97 1853 287 1933 delegandae
310 1854 530 1914 committantur.
585 1853 668 1911 Etsi
691 1852 813 1930 aliquem
840 1855 954 1912 interim
977 1874 1014 1913 ex
1036 1853 1134 1932 desig·

98 1943 184 2000 natis
201 1940 273 2000 mori
297 1937 465 2018 eontigerit,
494 1938 645 1998 substituat
668 1936 829 1996 ordinarius
853 1939 910 1998 loci
929 1958 992 1998 eum
1011 1940 1181 1999 consiliottt

102 2026 226 2105 capituli
249 2025 334 2085 alium
356 2027 386 2083 in
409 2027 470 2084 eins
495 2024 589 2083 locum
612 2041 700 2100 usqne
724 2020 761 2080 ad
783 2023 905 2082 suturam
928 2025 1133 2102 provincialem
1192 2069 1196 2078 .

97 2122 157 2171 ant
179 2110 380 2180 dioecesanam
403 2108 556 2191 synodum,
590 2111 630 2168 ita
657 2118 688 2167 ut
711 2107 816 2168 babeat
838 2127 967 2188 quaeque
990 2108 1134 2170 dioecesis

99 2207 231 2276 quatm
247 2196 347 2256 saltem
366 2205 416 2255 aut
433 2196 518 2255 etiam
536 2195 633 2274 plnres
651 2193 788 2273 probatas
796 2213 936 2272 personas
954 2214 989 2254 ac
1007 2205 1134 2276 utsupra

104 2282 301 2362 qualilicatas,
326 2282 427 2359 quibus
451 2279 611 2343 huiusmodi
634 2297 738 2338 causae
766 2299 784 2337 a
805 2278 935 2358 quolibet
963 2280 1059 2359 legato
1086 2283 1133 2342 vel

102 2369 228 2438 nuncio,
257 2377 341 2446 atque
366 2367 451 2425 etiam
475 2386 492 2424 a
514 2364 583 2424 sede
603 2365 763 2443 apostolica
786 2367 1005 2424 committantur.
1050 2365 1134 2425 Alio·

102 2454 175 2532 quin
201 2462 267 2530 post
294 2449 521 2529 designationem
549 2452 669 2522 laetam,
706 2463 788 2530 marn
815 2452 912 2509 statim
940 2452 1070 2532 episcopi
1096 2449 1133 2512 ad

103 2557 242 2598 summum
260 2536 416 2598 Romanum
430 2534 598 2596 Pontificem
612 2538 814 2608 transmittant,
829 2534 1027 2615 delegationes
1046 2556 1133 2617 qnae·
1226 2551 1232 2562 “

102 2642 220 2703 conque
243 2623 364 2683 aliorum
387 2620 512 2682 iudicum
535 2622 613 2693 aliis,
642 2640 724 2701 quam
747 2621 792 2680 bis
815 2622 925 2694 factae,
949 2624 1132 2702 surreptitiae

103 2719 290 2770 censeantur.
337 2706 483 2767 Admonet
505 2705 608 2767 debinc
632 2717 732 2766 sancta
750 2705 876 2786 synodus
894 2718 951 2767 tam
970 2706 1133 2770 ordinarios
1206 2737 1215 2751 ⁸

104 2815 191 2875 qnam
209 2795 281 2854 alios
300 2812 483 2874 quoscunque
501 2791 627 2862 iudices,
651 2802 683 2850 ut
705 2791 890 2852 terminandis
914 2795 1008 2852 causis
1027 2805 1131 2872 quanto

104 2881 171 2941 lieri
194 2881 302 2959 poterit
323 2879 464 2939 brevitate
474 2880 502 2950 ²)
522 2877 669 2949 studeant,
694 2897 728 2937 ac
751 2877 926 2956 litigatorum
949 2879 1058 2937 artibus
1082 2897 1134 2938 seu

99 2968 135 3025 iu
159 2967 217 3025 litis
240 2965 451 3025 contestatione
475 2982 525 3023 sen
548 2963 606 3023 alia
629 2973 712 3043 parte
739 2960 838 3021 iudicii
857 2960 1017 3021 differenda
1040 2961 1133 3024 modis

99 3051 249 3123 omnibns,
268 3061 318 3110 ant
335 3051 449 3109 termini
467 3050 660 3128 praefixione,
679 3057 729 3106 aut
747 3048 921 3126 competenti
945 3047 1001 3106 alia
1018 3049 1132 3108 ratione
1176 3093 1179 3100 -

99 3146 272 3198 occursant.
1125 3155 1127 3164 ’

123 3276 150 3322 c.
169 3275 214 3322 xl.
253 3273 352 3322 Variae
376 3273 518 3320 locationes
536 3274 658 3319 bonorum
675 3273 910 3318 ecclesiasticorum
924 3261 1116 3332 probibenturc

413 3340 540 3403 quaedam
554 3343 654 3405 saetas
670 3341 824 3387 irritantur.

191 3427 324 3505 Magnam
352 3425 484 3486 ecelesiis
512 3426 669 3504 perniciem
688 3424 793 3483 allcrre
812 3425 900 3496 solet,
929 3444 1012 3504 quum
1036 3442 1132 3483 earum

100 3513 182 3572 bona
202 3521 419 3591 repraesentata
435 3511 559 3588 pecunia
576 3509 605 3568 in
624 3529 823 3569 successorum
841 3509 1050 3588 praeiudicium
1069 3509 1134 3568 aliis

158 3743 236 3789 San.
246 3743 325 3788 XXV.
354 3747 373 3796 t)
385 3757 405 3786 c.
416 3747 447 3787 tl.
459 3741 490 3786 X.
501 3743 530 3786 dc
540 3755 612 3786 rsscr.
623 3743 648 3784 in
657 3739 777 3785 v1t01.s.
789 3748 813 3785 st
822 3741 878 3785 infr.
888 3743 951 3786 inter
960 3748 1035 3788 const.
1046 3753 1076 3786 ex
1085 3747 1132 3788 ant.
1155 3763 1157 3766 ·

102 3797 158 3840 'lure
169 3795 302 3890 desumptas
313 3809 356 3850 psr
366 3808 430 3860 eqnc.
441 3793 511 3839 'rstd
520 3795 648 3837 innovatas.
659 3817 685 3826 -
709 3795 731 3846 2)
747 3793 778 3836 cl.
788 3807 808 3836 c.
818 3793 880 3858 5.·Χ.
891 3795 919 3838 dc
930 3795 983 3838 dolo
993 3800 1018 3838 et
1028 3800 1088 3838 cont.
1100 3793 1133 3856 ll.

107 3847 241 3954 :qpqlnsnplq
258 3847 293 3943 1ΙίΙ
307 3851 378 3942 1cv3tltc
384 3845 506 3942 qbd'lGreg.
512 3845 554 3898 X)
565 3848 610 3889 ab.
621 3845 653 3888 Χ.
664 3841 692 3888 de
702 3851 762 3888 tent.
773 3848 832 3889 etro
842 3846 889 3890 rud.
901 3843 932 3889 ll.
942 3847 974 3889 tt.
985 3844 1134 3901 (erest),-
