2654 4330
223 227 414 352 ‘3sassro
434 261 533 316 xxiv.
567 261 890 316 nnnnronmar.
1010 263 1089 321 nes

68 405 151 462 tincto
188 401 297 480 populo
333 403 361 459 in
396 411 491 461 certas
526 404 712 482 propriasque
747 403 899 482 parochias
936 404 1088 482 unicuique

69 507 139 547 suum
166 496 338 565 perpetuum
364 487 594 566 peculiaremque
620 488 775 566 parochum
802 489 1004 565 assigneut1),
1041 489 1089 567 qui

69 592 111 632 eas
129 589 313 650 cognoscere
331 573 439 643 valcat,
467 579 497 631 et
514 591 531 630 a
550 589 605 650 qno
624 573 686 631 solo
706 573 783 631 licite
802 583 980 632 sacramenta
998 573 1088 631 susci·

69 659 148 736 piant,
168 667 218 714 aut
236 657 296 714 alio
313 645 535 727 utiliori'modo,
554 668 640 736 prout
658 658 714 716 loci
727 659 846 735 qualitas
861 658 1001 735 exegerit,
1020 677 1089 736 pro·

69 740 184 800 videant.
233 739 369 819 Idemque
392 743 421 799 in
443 743 480 800 iis
499 741 660 801 civitatibus
682 762 717 800 ac
742 743 827 813 locis,
846 743 894 800 ubi
912 743 1005 801 nullae
1025 752 1089 800 sunt

69 827 255 905 parochiales,
277 828 477 904 quamprimum
496 827 558 886 lieri
578 838 692 900 curent3
712 847 769 887 nnn
787 827 964 886 obstantibus
975 827 1088 905 quibus-

70 930 172 989 cunque
191 911 353 989 privilegiis
372 921 401 970 et
419 910 685 983 consuctudinibus,
705 913 791 970 etiam
809 912 1087 978 immemorabilihus.
1134 921 1137 926 ’

70 1031 92 1076 0.
108 1031 172 1077 XtV.
216 1031 256 1076 Ne
279 1034 337 1094 qnia
359 1029 518 1078 admittatur
541 1031 577 1078 ad
589 1036 774 1092 porrectionem
794 1031 911 1092 beneficia·
932 1009 1089 1080 ant'diatra'·
1110 1047 1112 1050 ·

69 1096 190 1146 batianum
209 1114 268 1146 cum
284 1102 425 1162 fructuum
443 1099 668 1148 distributionem
686 1111 747 1148 arna
766 1113 816 1147 noa
833 1102 893 1160 pior
909 1099 1090 1148 convertenda.

84 1193 87 1204 '
148 1179 331 1262 inplumibus
350 1182 496 1255 eeclesiis,
516 1193 572 1242 tam
592 1181 804 1242 cathedralibus
827 1203 909 1264 qnam
928 1185 1091 1262 collegiatis
1158 1259 1163 1264 Ι
1196 1239 1199 1242 .
1298 1177 1301 1224 ἶ

73 1275 98 1324 ct
113 1268 335 1346 parochialibus,
355 1287 392 1326 ex
410 1287 507 1327 carum
527 1269 776 1328 constitutionibus
794 1279 842 1327 aut
860 1287 897 1328 ex
914 1289 1001 1348 prava
1020 1289 1090 1332 con·

71 1351 211 1411 suetudine
224 1353 375 1412 observari
384 1353 562 1430 intelligitur,
582 1365 613 1412 ut
630 1355 658 1412 in
673 1355 827 1425 electione,
846 1357 1088 1435 praesentatione,

74 1437 274 1509 nominatione,
299 1439 490 1509 institutione,
516 1439 746 1510 confirmatione,
771 1439 941 1511 collatione,
964 1440 1010 1499 vel
1034 1440 1090 1498 alia

73 1523 227 1598 provisione
247 1523 309 1582 sive
328 1521 501 1582 admissione
520 1523 555 1582 ad
574 1527 784 1602 possessionem
803 1525 923 1583 alicuius
938 1523 1090 1584 cathedra·

75 1605 104 1663 lis
120 1608 276 1680 ccclesiae,
295 1607 342 1666 vel
359 1607 507 1679 beneficii,
535 1612 766 1679 canonicatuum,
785 1619 835 1667 aut
851 1608 1089 1687 praebendarum,

74 1691 113 1748 vel
136 1703 245 1771 partem
274 1701 476 1771 proventuum,
508 1713 560 1754 sen
591 1693 627 1753 ad
655 1693 1088 1773 distributionesquotidiauas,

77 1787 163 1835 certae
182 1777 380 1849 conditiones,
404 1798 455 1838 seu
477 1777 665 1838 deductiones
689 1799 726 1838 ex
747 1779 903 1850 fructibus,
922 1779 1090 1850 solutiones,

76 1864 283 1936 promissiones,
312 1865 596 1941 compensationesve
623 1863 758 1935 illicitae,
786 1874 836 1922 aut
857 1865 1038 1942 etiaquuae
1061 1865 1090 1924 iu

77 1945 204 2024 aliquibus
232 1949 368 2008 ecclesiis
399 1947 533 2007 dicuntur
557 1958 704 2008 turcorum
731 1949 825 2018 lucra,
861 1950 1090 2026 interponantur.
1162 2005 1166 2010 ,

78 2028 147 2090 llaec
164 2053 246 2111 quum
271 2033 515 2112 sanctasynodus
539 2032 712 2104 detestetur,
736 2029 851 2092 mandat
869 2034 1026 2112 episcopis,
1049 2041 1144 2105 utu,
1199 2043 1201 2050 ’

78 2134 250 2197 quaeeunque
275 2117 435 2178 huiusmodi
457 2121 486 2177 iu
509 2139 574 2178 usus
596 2119 660 2197 pios
682 2138 739 2176 non
762 2128 981 2189 convertuntur,
1005 2129 1090 2196 atque

79 2200 211 2278 ingressus
230 2225 298 2274 cos,
318 2205 366 2281 qui
383 2205 557 2263 simoniacae
577 2204 649 2262 labis
667 2215 716 2262 aut
734 2201 868 2264 sordidae
887 2205 1033 2264 avaritiae·
1044 2223 1091 2262 su-

79 2286 222 2360 spicionem
240 2289 363 2359 habent,
388 2289 451 2348 lieri
470 2309 527 2349 uon
544 2291 723 2367 permittant,
747 2290 857 2368 ipsique
881 2288 1036 2368 diligenter
1054 2287 1090 2348 de

81 2386 165 2430 corum
188 2374 440 2434 constitutionibus
466 2377 525 2434 sive
549 2373 800 2436 consuetudinibus
828 2393 914 2452 super
934 2372 1091 2452 praedictis

81 2471 257 2536 cognoscant,
288 2470 318 2517 et
338 2459 394 2517 illis
418 2470 538 2531 mutum,
567 2480 635 2538 quas
658 2470 689 2518 nt
716 2458 872 2518 laudabiles
895 2459 1091 2538 probaverint,

81 2544 210 2620 exceptis,
234 2546 361 2623 reliquas
383 2554 413 2602 ut
435 2565 536 2623 pravas
559 2565 593 2604 ac
613 2543 795 2605 seaudalosas
819 2545 952 2604 reiiciant
974 2554 1005 2604 et
1021 2543 1092 2604 aho-

81 2619 155 2684 leant.
199 2629 258 2688 Eos
285 2649 370 2699 vero,
408 2631 454 2708 qui
482 2627 617 2699 adversus
644 2630 716 2689 haec
743 2632 771 2689 in
798 2631 944 2709 praesenti
972 2628 1092 2690 decreto

83 2713 275 2788 comprehensa
305 2715 402 2794 quavis
430 2716 541 2774 ratione
565 2717 771 2786 commiserint,
801 2717 902 2793 poenis
930 2725 1032 2775 contra
1054 2714 1092 2772 si-

83 2797 215 2856 moniacos
238 2799 324 2859 editis
342 2802 433 2860 sacris
452 2800 608 2859 canonibus
617 2801 646 2874 ²)
667 2811 697 2858 et
718 2800 804 2858 variis
827 2819 998 2860 summorum
1016 2798 1092 2858 Pon-

83 2877 174 2939 tilicum
194 2886 457 2957 constitutionibus,
477 2905 546 2964 quas
565 2904 662 2944 omnes
681 2887 813 2956 innovat,
834 2886 927 2957 teneri
945 2883 1091 2956 decernit;

82 2967 321 3030 nonobstantibus
344 2971 555 3050 quibuscunque
579 2971 704 3042 statutis,
730 2969 993 3040 constitutionibus,
1022 2987 1093 3027 con·

83 3051 280 3128 suetudinibus,
300 3057 386 3115 etiam
403 3057 686 3126 immemorabilihus‚
706 3056 791 3114 etiam
814 3053 974 3132 apostolica
991 3063 1093 3112 aucto·

84 3130 157 3194 ritate
176 3141 363 3214 confirmatis,
391 3139 427 3200 de
451 3161 566 3220 quarum
590 3141 785 3218 surreptione,
810 3139 979 3218 obreptione
1003 3149 1033 3198 ct
1050 3139 1093 3196 in·
1160 3219 1163 3222 Ι

84 3220 206 3282 tentionis
230 3223 345 3286 defectu
372 3228 536 3304 episcopus,
562 3238 693 3306 tanquam
716 3226 893 3305 apostolicae
917 3223 993 3283 sedis
1012 3222 1093 3284 dele·
1190 3239 1193 3246 “

86 3311 165 3378 gatus,
184 3328 359 3386 cognoscere
378 3313 476 3390 possit.

86 3418 109 3464 ⁰·
123 3421 175 3472 XV·
210 3430 290 3478 Retio
308 3433 418 3494 angendi
436 3440 523 3479 terraer
539 3433 700 3491 praebendos
717 3433 885 3478 contentarum
902 3428 1093 3476 cathedralium

340 3546 344 3554 ,
381 3507 406 3548 et
426 3502 623 3562 collegiatarum
639 3503 784 3561 insignium.

161 3577 191 3636 ln
209 3584 339 3644 eeclesiis
359 3584 571 3644 cathedralibus
581 3586 608 3658 3)
630 3596 659 3643 et
678 3585 839 3662 collegiatis
858 3584 1024 3661 insignibus,
1043 3584 1092 3643 ubi

88 3652 237 3736 frequentes
255 3669 384 3750 adeoque
407 3683 508 3731 tenues
531 3677 596 3730 sunt
612 3667 795 3748 praebendae
814 3669 895 3728 simul
914 3689 977 3728 cum
996 3667 1093 3728 distri·

89 3761 283 3792 K—

133 3806 204 3856 Seu.
217 3815 304 3863 xxlv.
331 3824 352 3874 t)
367 3819 397 3863 cf.
409 3819 472 3863 Sera.
484 3818 550 3864 XIV.
566 3821 594 3865 de
603 3817 647 3862 ref.
659 3830 679 3862 c.
689 3819 709 3860 a.
719 3840 744 3851 -
769 3819 791 3870 2)
802 3815 832 3862 cl.
844 3816 870 3859 G.
881 3815 900 3861 1.
912 3829 949 3872 qn.
961 3803 1041 3858 estere
1050 3827 1094 3908 pqr

89 3855 156 3952 lodfgl
163 3867 249 3962 tdtldst'
259 3869 289 3914 X.
300 3873 328 3916 dc
339 3874 389 3916 nim.
401 3869 495 3926 (lita.)
505 3879 528 3914 et
538 3873 561 3915 in
571 3869 637 3914 Entr.
649 3864 763 3913 ccmm.V.
775 3872 825 3911 l.-
850 3869 873 3921 a)
883 3867 913 3909 cf.
925 3867 989 3911 acar.
1001 3863 1047 3908 XX
1085 3894 1094 3910 ·
