2654 4334
206 257 286 316 m
370 221 1070 306 ornmonnsrnnrusnssonn.

206 392 361 458 ricordiam
380 389 558 452 tribuendam
577 389 635 449 noa
649 388 792 470 dubitent.
837 385 898 448 Seu
914 388 1069 468 praecipua
1087 388 1139 447 illa
1160 390 1246 451 ratio

106 487 115 494 '
207 493 265 554 est,
284 479 316 540 P.
334 474 387 551 A„
410 477 611 538 dissentientes
633 495 651 534 a
674 475 758 533 nobis
774 474 883 534 animos
902 471 1089 545 eonciliandi,
1110 494 1247 534 consen.

207 569 312 628 tientes
330 566 358 626 in
377 563 433 624 fide
449 574 533 642 atque
548 561 641 622 officio
656 559 807 630 reduendi,
827 561 933 639 siquae
948 559 1003 618 hoe
1016 560 1046 618 iu
1061 561 1128 620 loco
1139 561 1245 620 verbis

196 653 387 734 ‚sancivimuu
406 669 438 710 re
456 650 511 729 ipsi
529 650 560 707 in
577 648 682 706 neumis
700 645 833 706 ecclesiis
850 656 1036 724 praestemus.
1073 645 1178 723 Leges
1189 647 1246 705 etsi

208 741 332 820 optimae
351 746 429 806 sunt,
448 745 525 794 muta
542 744 641 796 mmcd.
654 751 703 792 res
720 743 773 792 est.
811 729 884 804 Quid
903 731 1035 791 llebraeo
1055 733 1167 810 populo
1190 731 1246 790 Dei

156 839 193 882 rat
207 826 295 906 ipsius
314 841 365 883 ore
384 821 460 880 latae
478 820 561 897 leges
576 819 764 898 profuerunt?
804 815 877 890 Quid
897 817 1023 896 Lycurgi
1042 817 1125 894 leges
1144 817 1265 876 Lace·-

208 908 380 978 daemoniis,
409 904 525 965 Solonis
543 903 781 975 Atheniensibus,
809 902 845 963 ad
864 903 1025 962 libertatem
1044 903 1246 972 retinendam,

208 1015 290 1077 quam
319 993 355 1054 ob
378 1009 492 1052 cansam
516 999 599 1050 erant
621 992 817 1070 conscriptae,
845 989 975 1048 utilitatis
998 989 1144 1048 attulere?
1185 987 1247 1048 Sed

208 1098 260 1141 cnr
278 1087 501 1156 extenuatque
520 1077 634 1156 antiqua
653 1077 735 1135 nimis
754 1079 967 1136 commemoro?
1006 1074 1085 1148 Quae
1104 1073 1144 1134 ad
1165 1075 1247 1134 hene

207 1166 351 1245 beateque
367 1162 517 1224 vivendum
536 1163 667 1222 instituta
683 1173 769 1240 atque
787 1172 945 1241 praecepta
967 1179 1004 1221 ex
1026 1161 1108 1219 nnius
1128 1160 1247 1221 Christi

207 1251 322 1311 Domini
340 1251 430 1309 nostri
447 1250 506 1308 vita
525 1259 609 1330 atque
628 1247 760 1310 doctrine
779 1247 943 1308 desiderare
962 1257 1176 1326 antpussnnrus
1197 1257 1248 1306 ant

94 1360 99 1368 ’
209 1336 358 1396 debemusl
392 1333 470 1408 ,Quid
492 1335 561 1394 item
583 1335 636 1393 luit
658 1333 848 1393 amnioribus
867 1335 973 1395 nostrin
992 1333 1140 1406 omissum,
1164 1331 1246 1412 quod

209 1441 271 1482 curn
296 1421 332 1480 ad
355 1431 436 1480 reete
459 1418 651 1491 sentiendum,
676 1431 733 1479 turn
757 1419 794 1478 ad
812 1420 963 1500 praeclare
985 1417 1127 1498 agendum
1147 1421 1246 1499 perti·

208 1510 310 1568 neretl
349 1504 589 1566 Medicamentum
613 1503 725 1588 quidem
748 1506 873 1566 saluure
892 1506 1078 1586 compositum
1098 1523 1133 1564 ae
1154 1525 1246 1586 para-

208 1605 266 1653 tum
289 1591 394 1653 iamdiu
412 1592 563 1665 habemus3
584 1609 682 1650 verum
705 1591 730 1650 si
748 1591 875 1650 morbum
895 1590 982 1651 debet
999 1591 1165 1671 expellere,
1197 1609 1243 1650 su-

209 1678 340 1739 mendum
359 1690 403 1738 est
420 1697 454 1739 ac
472 1697 629 1759 pervertas
647 1678 676 1736 in
696 1695 779 1741 omne
799 1697 902 1756 corpus
921 1675 1142 1737 diffundendum.
1185 1677 1243 1737 Po-

209 1767 273 1825 culo
297 1764 354 1824 boc
377 1767 551 1824 salutis'nns
572 1765 691 1842 primum
714 1763 901 1834 inebriemur,
926 1764 1078 1835 carissimi,
1103 1774 1133 1822 et
1156 1765 1242 1824 vivae

209 1861 293 1930 atque
317 1851 468 1930 loquentes
485 1844 571 1929 leges
593 1851 678 1910 slmns
702 1860 732 1909 et
754 1868 853 1909 norma
877 1851 957 1928 qnasi
976 1848 1117 1929 quaedam
1136 1869 1174 1910 ac
1194 1867 1241 1909 re·

209 1937 285 2015 gula,
304 1933 341 1995 ad
360 1955 442 2015 quarn
460 1937 580 1996 aliorum
598 1937 729 1996 actiones
748 1945 778 1995 et
795 1935 887 1994 studia
903 1935 1070 2014 dirigantur,
1091 1947 1182 2016 atque
1200 1937 1239 1994 ita

208 2022 262 2081 sibi
291 2025 481 2102 unusquisqne
507 2020 693 2101 persuadeat,
718 2021 787 2080 nihil
815 2041 832 2081 o
856 2021 1036 2081 Christianae
1055 2021 1238 2102 reipublicae

209 2106 359 2166 commodo
387 2126 422 2168 ae
450 2107 589 2185 dignitate
617 2121 828 2178 successurum,
861 2109 915 2166 nisi
938 2118 1070 2187 qnantum
1093 2109 1123 2166 in
1146 2127 1180 2167 se
1204 2108 1240 2166 sit

209 2190 335 2251 studiose
353 2195 541 2272 praestiterit.
776 2265 778 2270 ,

295 2276 327 2336 ld
351 2277 505 2338 curandum
530 2279 612 2339 nohis
640 2296 703 2338 cum
726 2288 811 2338 antea
838 2279 904 2350 fuit,
932 2289 990 2338 tnn
1013 2280 1100 2338 multo
1125 2282 1189 2340 erit'
1212 2282 1238 2338 in

208 2373 356 2442 posterum
374 2366 546 2425 accuratius.
583 2365 709 2436 Etenim,
733 2366 758 2424 si
777 2365 905 2444 magistri
923 2365 1013 2424 nostri
1031 2385 1065 2425 ac
1085 2366 1238 2425 salvatoris

210 2449 340 2526 exemplo
364 2447 463 2510 lacere
481 2451 559 2527 prins
583 2449 736 2509 debeamus
759 2469 842 2529 quam
865 2449 987 2509 docere:
1015 2461 1166 2530 postquam
1188 2451 1238 2511 do-

210 2533 326 2604 cuimus,
346 2535 569 2612 qninlaciamus,
590 2553 661 2613 qnae
680 2551 745 2594 esse
753 2538 862 2614 poterit
872 2537 1038 2596 excusatio?
1070 2536 1141 2610 Quis
1158 2539 1237 2598 ferre

209 2635 262 2676 nos
284 2637 319 2676 ae
343 2619 403 2697 pati
420 2619 540 2699 poterit,
559 2619 598 2691 si,
622 2637 705 2700 quum
729 2640 786 2679 non
804 2621 954 2681 furandum
973 2639 1038 2681 esse
1056 2621 1237 2682 demonstra·

207 2704 310 2774 vimus,
330 2705 384 2784 ipsi
394 2705 546 2765 duremur?
564 2703 600 2777 si,
619 2719 702 2786 quum
721 2725 777 2765 non
797 2707 1016 2779 moechandum,
1035 2709 1235 2768 moechernnrl

209 2785 333 2848 Sanctus
351 2809 369 2848 a
386 2787 487 2853 sancto
507 2791 646 2864 concilio,
665 2792 836 2853 innocentes
854 2801 939 2874 atque
958 2796 1087 2872 integros
1106 2794 1143 2853 ab
1163 2797 1237 2856 inte·

208 2877 321 2954 gritatis
348 2879 510 2956 praeceptis
529 2888 559 2938 et
581 2879 777 2950 innocentiae,
807 2879 902 2940 firmes
929 2881 957 2938 in
985 2879 1042 2939 lide
1060 2890 1147 2958 atque
1167 2901 1237 2940 con-

201 2972 348 3024 ,stantesa
368 2963 433 3023 lidei
453 2974 569 3026 nostrae
588 2964 699 3024 firmata
718 2963 849 3024 doctrina
865 2963 1016 3025 discedere
1031 2967 1146 3025 minime
1167 2986 1237 3026 con-

208 3050 294 3108 venit.
339 3046 383 3108 Ac
411 3050 484 3108 tales
511 3049 624 3129 quidem
651 3060 821 3129 exspectant
847 3071 898 3110 nos
924 3052 1023 3130 populi
1049 3053 1156 3124 nostri,
1190 3053 1236 3131 qui

208 3143 334 3192 nostrum
353 3133 458 3194 iamdiu
476 3135 597 3194 reditum
616 3138 788 3196 sustinentes
812 3156 845 3197 en
869 3155 900 3196 se
924 3138 978 3217 ipsi
997 3138 1110 3196 ratione
1130 3157 1238 3198 conso·

207 3217 352 3291 labantur,
380 3219 458 3291 lure,
487 3230 522 3282 ut,
540 3222 614 3280 hanc
636 3223 773 3301 temporis
800 3239 913 3282 usuram
940 3223 1041 3282 maiori
1063 3233 1234 3303 praesentes

171 3353 173 3358 ,
207 3303 302 3364 studio
329 3305 510 3365 sarciremns.
558 3304 618 3367 Sed
645 3307 695 3368 liet
721 3306 750 3366 id
778 3327 795 3365 a
821 3307 917 3379 vobis,
945 3319 976 3367 ut
1003 3327 1103 3388 spero,
1131 3308 1233 3368 Patres

207 3391 386 3462 sanctissimi,
406 3389 573 3470 diligenter,
593 3402 632 3464 et,
652 3392 886 3472 quemadmodum
904 3393 961 3454 hoc
979 3395 1008 3454 in
1026 3395 1092 3455 loco
1111 3396 1232 3466 lecistis,

206 3475 246 3532 ita
273 3478 359 3536 etiam
387 3475 463 3536 domi
489 3479 558 3536 satis
586 3476 648 3536 Deo
675 3489 761 3558 atque
788 3479 948 3540 hominibus
974 3480 1097 3542 iacietis.
1148 3479 1233 3540 Nunc

209 3558 297 3636 (quod
316 3561 400 3619 huius
415 3565 552 3642 temporis
571 3564 628 3643 est)
646 3555 708 3623 Deo
726 3565 845 3645 primum
864 3566 918 3645 ipsi
938 3566 1059 3626 maximo
1079 3575 1165 3644 atque
1182 3567 1233 3625 inn-

206 3644 320 3702 mortali
351 3647 487 3708 maximas
523 3659 608 3727 atque
639 3651 813 3710 immortales
845 3653 953 3729 gratias
988 3662 1019 3710 et
1053 3669 1171 3730 agemus
1205 3661 1232 3710 et

208 3728 373 3800 habeamus,
392 3733 439 3809 qni
457 3751 514 3791 non
532 3733 686 3794 seeundum
704 3747 840 3815 peccata,
866 3757 939 3816 quae
956 3738 1076 3797 lecimus
1094 3750 1162 3809 nos,
1184 3757 1231 3796 ne-
1313 3733 1314 3786 l

156 3838 194 3882 ιω
209 3831 263 3891 qne
290 3811 444 3873 secundum
470 3817 636 3898 iniquitates
661 3831 774 3898 nostras
800 3822 934 3882 retribuit
956 3822 1053 3894 nohis,
1081 3821 1132 3882 sed
1156 3821 1229 3880 diem

208 3897 282 3957 hunc
311 3898 508 3973 laetissimum,
541 3905 749 3982 quemavidere
771 3906 850 3965 multi
871 3910 1115 3988 concupiverunt,
1147 3908 1235 3982 nobis
