2654 4330
283 276 428 338 sessio
447 275 548 334 xxiv.
583 275 640 330 ns
659 275 906 334 neronum.
971 257 978 266 ’
1035 276 1146 370 ¹¹¹¹.

88 421 190 495 sint1),
209 437 286 478 neve
304 419 371 498 ipsi,
394 427 444 477 ast
462 419 606 498 qnisquam
625 433 739 478 snorum
758 419 906 498 quicquam
925 415 1108 499 procuratio-¹

88 509 125 566 nis
143 523 230 565 causa
252 523 309 584 pro
325 504 498 575 visitatione,
518 506 604 564 etiarn
627 514 862 564 testamentorum
885 504 921 564 ad
944 507 1007 584 pios
1029 525 1106 583 usus,

87 601 197 671 praeter
213 587 260 661 id,
285 587 373 668 quod·
385 607 422 647 ex
443 590 554 650 relictis
571 591 626 669 piis
643 591 705 649 inre
725 588 846 651 debetur
863 592 987 650 eutelio
1006 595 1107 671 quovis

87 678 207 747 nomine,
235 693 293 734 neo
315 675 479 753 pecuniam,
508 694 562 734 neo
584 693 697 746 munus,
730 673 917 754 quodcunque
940 678 990 747 sit,
1020 678 1106 738 etiam

87 763 325 841 qualitercunque
340 759 492 832 offeratur,
515 761 671 838 accipiant,
700 780 756 819 non
780 760 911 821 obstante
940 780 1106 842 quacunque

88 845 303 918 consuetudine,
332 845 417 907 etiam
440 846 671 918 immemorabili;
699 847 828 924 exeeptis
855 857 950 907 tamen
976 848 1108 907 victuali-

87 933 188 1004 tns²)‚
212 950 288 1010 quae
306 929 361 990 sibi
379 951 414 992 ae
432 931 490 990 snis
508 931 659 1008 frugaliter
676 929 880 1010 moderateque
898 952 951 1011 pro
971 936 1109 1012 temporis

88 1028 188 1078 tantum
208 1017 396 1088 necessitate,
415 1016 605 1087 etnonnltra,
625 1027 709 1076 erunt
719 1015 912 1075 ministranda.
959 1015 1004 1076 Sit
1012 1029 1107 1078 tannen

88 1105 111 1160 io
129 1105 243 1182 optione
263 1121 379 1172 eorum,
408 1102 455 1179 qni
472 1101 636 1172 visitantur,
665 1103 689 1160 si
712 1101 811 1162 malint
827 1103 940 1162 solvere
960 1101 1002 1172 id,
1032 1103 1108 1182 quod

89 1199 144 1246 erat
160 1188 195 1246 ab
214 1188 287 1266 ipsis
307 1197 392 1246 antea
409 1187 482 1246 solvi
506 1197 586 1246 certa
604 1187 726 1266 pecnnia
743 1197 842 1246 taxata
861 1199 1042 1262 consuetum,
1072 1209 1108 1248 an
1209 1219 1212 1227 ¹

88 1292 149 1330 vero
171 1271 326 1352 praedicta
347 1272 483 1332 victualia
504 1271 731 1344 subministrare,
761 1273 839 1330 salvo
862 1274 930 1332 item
953 1275 1015 1332 iure
1039 1294 1110 1334 con·
1164 1319 1167 1325 Δ

88 1359 242 1417 ventionum
268 1359 448 1437 antiquarum
476 1376 540 1416 cnm
563 1359 743 1416 monasteriis
766 1357 865 1416 aliisve
887 1360 942 1437 piis
965 1359 1037 1418 locis
1060 1369 1110 1418 ant

90 1444 213 1503 eeclesiis
241 1463 301 1502 non
324 1442 537 1521 parochialibus
564 1443 649 1514 inito,
674 1442 749 1521 qnod
776 1442 904 1503 illaesum
931 1455 1107 1523 permaneat

91 1527 117 1584 ln
137 1529 170 1586 iis
191 1547 263 1588 voro
289 1529 362 1587 locis
385 1546 434 1589 sou
458 1528 627 1606 provinciis,
651 1529 698 1586 ubi
722 1527 899 1588 consuetodo
923 1540 981 1600 est,
1005 1540 1037 1588 nt
1054 1550 1109 1589 nec

90 1615 224 1686 victualia,
244 1633 303 1674 nec
321 1614 453 1692 pecunia,
473 1631 527 1672 nee
546 1615 695 1692 quicquam
714 1612 791 1672 eliud
810 1633 828 1672 a
844 1613 1041 1673 visitatoribus
1059 1634 1110 1680 ac·

28 1749 29 1754 ,
92 1687 217 1776 cipiatdr,
241 1698 295 1758 sed
316 1699 409 1757 omnia
428 1699 518 1774 gratis
541 1698 623 1770 liant,
646 1699 686 1758 ibi
708 1697 737 1756 id
761 1699 937 1758 observetur.
984 1697 1065 1771 Quod
1084 1701 1109 1758 si

93 1785 233 1863 quispiam,
254 1782 333 1863 qnod
351 1781 441 1854 absit,
460 1781 565 1861 aliquid
589 1784 707 1862 amplius
726 1785 754 1841 in
773 1803 858 1861 snpra
877 1782 961 1844 dictis
980 1784 1109 1844 omnibus
1134 1803 1141 1812 ·

92 1868 195 1928 casibus
212 1872 351 1949 accipere
370 1869 602 1947 praesumpserit,
622 1869 656 1937 is,
674 1879 792 1947 praeter
810 1863 1110 1947 dupli‘rostitutionern

93 1953 159 2012 intra
175 1974 303 2016 mensem
326 1952 501 2022 laciendum,
525 1953 588 2011 aliis
607 1954 692 2012 etiarn
711 1955 812 2031 poenis
830 1953 910 2012 iuxta
928 1955 1111 2015 constitutio·

93 2056 149 2097 nem
170 2041 290 2100 concilii
314 2040 457 2118 generalis
480 2036 694 2116 Lugdunensis,
717 2058 792 2118 quae
815 2039 930 2117 incipit:
954 2040 1109 2116 Eat'gt'tss),

94 2141 141 2182 nec
161 2145 217 2184 non
241 2137 273 2186 et
297 2126 360 2184 aliis
384 2125 484 2203 poenis
502 2125 530 2182 in
550 2122 660 2203 synodo
679 2123 849 2202 provinciali
867 2124 988 2186 arbitrio
1007 2121 1111 2204 synodi

95 2207 190 2288 absquo
214 2212 272 2271 ulla
292 2229 342 2289 spe
360 2211 461 2268 veniae
481 2208 642 2268 mulctetur.
692 2209 808 2267 Petroni
830 2228 901 2268 vero
920 2210 949 2268 in
968 2210 1017 2281 iis,
1037 2228 1109 2290 quae

84 2291 126 2350 -ad
150 2305 394 2356 sacramentorum
421 2293 696 2353 administrationem
723 2305 867 2373 spectant,
891 2294 1051 2354 nullatenus
1079 2315 1163 2360 seras

95 2393 267 2454 praesumant
290 2378 439 2459 ingerere,
463 2397 555 2457 neque
577 2380 735 2438 visitationi
766 2381 1111 2439 ornamentorumeccle·

96 2464 160 2538 siae,
178 2477 229 2538 ant
243 2468 386 2526 bonorum
406 2464 561 2538 stabilium,
585 2482 636 2524 seu
659 2465 830 2539 fabricarum
852 2464 1037 2544 proventibus
1059 2467 1111 2523 im·

96 2548 237 2623 misceant,
267 2552 322 2611 nisi
346 2555 484 2629 qnatenus
507 2547 536 2608 id
559 2552 601 2609 eis
624 2567 661 2609 ex
682 2552 858 2610 institutione
882 2570 916 2610 ao
943 2550 1110 2610 fundatione
1136 2563 1146 2572 ·

98 2647 245 2714 competat3
274 2635 327 2696 sed
345 2636 474 2715 episcopi
495 2636 550 2714 ipsi
573 2636 646 2695 heeo
664 2636 772 2696 iaciant
795 2647 824 2695 et
847 2635 1019 2694 fabricarum
1043 2633 1110 2694 red-

97 2717 145 2776 itus
161 2721 189 2778 in
206 2741 274 2782 usus
293 2722 436 2782 ecclesiae
455 2723 635 2780 necessarios
650 2731 680 2780 et
697 2723 790 2792 ntiles,
809 2732 895 2800 prout
909 2721 962 2780 sibi
973 2719 1111 2801 expedire

99 2805 179 2882 magis
195 2809 285 2868 visum
303 2807 400 2878 luerit,
420 2804 544 2886 expendi
565 2817 675 2865 curent.

99 2955 122 3002 0.
135 2959 173 3004 1v.
206 2962 418 3009 medicamenta
436 2974 526 3009 museus
541 2977 559 3008 a
577 2962 707 3023 quibunt
722 2959 823 3022 qnando
838 2959 984 3008 obeundum.
1020 2958 1112 3007 Eccle-

144 3031 188 3076 ⁴tio
204 3030 368 3090 paroehialis
386 3030 423 3076 ad
438 3030 591 3077 audiendum
609 3031 712 3077 verbum
731 3029 782 3074 Des·
798 3027 925 3074 adeunda.
960 3025 1053 3076 Nullus

358 3098 550 3147 contradicente
569 3101 685 3158 episcopo
699 3096 842 3157 praedicet.

172 3179 403 3242 ,Praedicationis
421 3201 530 3253 munus,
550 3181 625 3262 quod
644 3185 843 3262 episcoporum
862 3181 1047 3260 praecipuum
1057 3193 1111 3253 est,

102 3264 209 3339 cupiens
227 3279 327 3328 sancta
345 3267 471 3348 synodus
490 3286 545 3346 qno
557 3269 740 3346 ¹frequentius
758 3269 849 3347 possit
866 3265 902 3325 ad
922 3264 1047 3326 bdelium
1066 3287 1113 3325 sa·

103 3341 178 3407 lutens
196 3355 338 3425 exerceri,
358 3372 484 3412 canones
501 3353 573 3411 alias
591 3372 677 3431 snper
694 3354 750 3413 boc
769 3351 863 3412 editos
871 3353 901 3427 ⁴)
920 3352 970 3411 snb
990 3351 1039 3410 lel.
1050 3370 1111 3410 reo.

102 3425 180 3493 Paulo
199 3435 248 3497 lll.
273 3441 365 3518 aptius
382 3438 575 3518 praesentium
598 3437 756 3517 temporum
776 3439 838 3497 usni
856 3435 1111 3509 accommodando,

104 3517 220 3593 mundet,
239 3534 271 3582 ut
287 3525 323 3583 in*
335 3525 460 3586 ecclesia
478 3543 529 3582 sna
548 3525 601 3602 ipsi
618 3543 672 3602 per
689 3543 734 3596 se,
754 3537 815 3596 ant,
835 3525 858 3584 si
877 3524 1003 3603 legitime
1022 3523 1112 3602 impe·
1153 3547 1163 3571 s

119 3655 304 3680 Ἣ
631 3663 632 3666 Ἴ
767 3607 773 3616 .

150 3735 222 3798 §esu
230 3741 321 3788 xxlv.
346 3743 409 3837 tpcl.
420 3757 440 3787 e.
452 3748 470 3787 t.
486 3741 591 3838 ΜΨ
606 3745 625 3787 1.
636 3742 841 3796 (concitandi.)
852 3755 872 3786 c.
883 3746 902 3786 t.
914 3742 944 3786 it.
960 3743 1042 3836 Scene.
1052 3745 1073 3786 8.
1084 3742 1114 3788 ib.

107 3778 175 3830 catil.
184 3790 214 3834 ll.
234 3807 254 3837 e.
265 3799 339 3849 (eone.
354 3833 356 3836 .
373 3795 405 3838 ol.
416 3795 482 3848 Vll.)
491 3808 511 3839 o.
520 3797 541 3838 e.
578 3826 583 3837 .
594 3796 622 3838 de
633 3807 696 3838 cens.
708 3793 753 3838 lll.
763 3797 795 3837 39.
807 3798 883 3848 (conc.
894 3793 964 3837 Lat.l
979 3793 998 3836 l.
1013 3817 1039 3827 -·
1051 3795 1072 3845 2)
1083 3791 1115 3840 ct

108 3844 125 3874 e.
135 3839 151 3878 l.
163 3840 211 3884 deo
248 3849 296 3891 ord.
307 3848 331 3890 in
340 3847 400 3892 vste
410 3847 430 3892 1.
441 3849 473 3890 16.
487 3847 575 3899 (Bonis.
584 3845 665 3898 vni.)
678 3869 704 3880 -·
718 3847 741 3899 ³)
751 3845 781 3888 cl.
792 3859 812 3888 c.
822 3849 842 3887 2.
853 3847 881 3887 de
891 3855 955 3888 tent.
965 3845 990 3887 in
999 3844 1059 3887 Vlto
1068 3844 1114 3888 ΙΙΙ.

106 3883 135 3925 2³·
148 3896 170 3931 ot
183 3893 242 3941 inira
254 3901 318 3943 inter
328 3903 406 3943 const.
422 3913 452 3942 ex
465 3903 513 3942 sat.
528 3899 579 3941 inre
594 3899 708 3953 desumpt.
724 3909 767 3950 per
781 3910 838 3940 eone
862 3895 929 3939 Tne.
945 3896 1074 3938 innovatas.
1090 3917 1116 3930 -ν
1140 3923 1147 3930 -

108 3936 126 3981 st
136 3937 161 3982 el.
172 3942 231 3994 bots,
240 3949 270 3994 V.
280 3965 301 3995 e.
311 3953 331 3995 Ξ.
342 3952 371 3994 de
380 3949 425 3995 ref.
436 3954 461 3994 et
470 3950 580 4016 egpp.ib.
590 3948 659 4002 alleg.
