<?xml version="1.0" encoding="UTF-8"?>
<!DOCTYPE html PUBLIC "-//W3C//DTD XHTML 1.0 Transitional//EN"
    "http://www.w3.org/TR/xhtml1/DTD/xhtml1-transitional.dtd">
<html xmlns="http://www.w3.org/1999/xhtml" xml:lang="en" lang="en">
 <head>
  <title>
</title>
<meta http-equiv="Content-Type" content="text/html;charset=utf-8" />
  <meta name='ocr-system' content='tesseract 3.04.00' />
  <meta name='ocr-capabilities' content='ocr_page ocr_carea ocr_par ocr_line ocrx_word'/>
</head>
<body>
  <div class='ocr_page' id='page_1' title='image "./canonesetdecret00stergoog_0023.png"; bbox 0 0 2652 4330; ppageno 0'>
   <div class='ocr_carea' id='block_1_1' title="bbox 202 255 1173 373">
    <p class='ocr_par' dir='ltr' id='par_1_1' title="bbox 202 255 1173 373">
     <span class='ocr_line' id='line_1_1' title="bbox 202 255 1173 373; baseline -0.008 0"><span class='ocrx_word' id='word_1_1' title='bbox 202 317 252 373; x_wconf 80' lang='grc' dir='ltr'><strong>ιι</strong></span> <span class='ocrx_word' id='word_1_2' title='bbox 347 312 492 369; x_wconf 82' lang='lat' dir='ltr'><strong>snssro</strong></span> <span class='ocrx_word' id='word_1_3' title='bbox 511 312 550 366; x_wconf 89' lang='lat'><strong>11.</strong></span> <span class='ocrx_word' id='word_1_4' title='bbox 575 310 631 364; x_wconf 82' lang='lat' dir='ltr'><strong>nn</strong></span> <span class='ocrx_word' id='word_1_5' title='bbox 648 255 772 362; x_wconf 73' lang='lat' dir='ltr'><strong>mono</strong></span> <span class='ocrx_word' id='word_1_6' title='bbox 790 307 971 363; x_wconf 78' lang='lat' dir='ltr'><strong>vivarum</strong></span> <span class='ocrx_word' id='word_1_7' title='bbox 989 309 1081 365; x_wconf 81' lang='lat' dir='ltr'><strong>nro</strong></span> <span class='ocrx_word' id='word_1_8' title='bbox 1169 271 1173 276; x_wconf 68' lang='grc'><strong>’</strong></span> 
     </span>
    </p>
   </div>
   <div class='ocr_carea' id='block_1_2' title="bbox 142 448 1238 3775">
    <p class='ocr_par' dir='ltr' id='par_1_2' title="bbox 142 448 1238 3775">
     <span class='ocr_line' id='line_1_2' title="bbox 202 448 1228 535; baseline -0.008 -18"><span class='ocrx_word' id='word_1_9' title='bbox 202 456 285 517; x_wconf 81' lang='lat' dir='ltr'><strong>simul</strong></span> <span class='ocrx_word' id='word_1_10' title='bbox 303 456 408 527; x_wconf 88' lang='lat' dir='ltr'><strong>sciens,</strong></span> <span class='ocrx_word' id='word_1_11' title='bbox 426 452 503 535; x_wconf 83' lang='lat' dir='ltr'><strong>qnod</strong></span> <span class='ocrx_word' id='word_1_12' title='bbox 520 454 630 512; x_wconf 90' lang='lat' dir='ltr'><strong>initium</strong></span> <span class='ocrx_word' id='word_1_13' title='bbox 648 453 808 531; x_wconf 76' lang='lat' dir='ltr'>sapientiae</span> <span class='ocrx_word' id='word_1_14' title='bbox 825 460 870 511; x_wconf 88' lang='lat' dir='ltr'><strong>est</strong></span> <span class='ocrx_word' id='word_1_15' title='bbox 887 452 973 510; x_wconf 87' lang='lat' dir='ltr'><strong>timor</strong></span> <span class='ocrx_word' id='word_1_16' title='bbox 981 448 1097 509; x_wconf 85' lang='lat' dir='ltr'><strong>Domini</strong></span> <span class='ocrx_word' id='word_1_17' title='bbox 1111 451 1155 524; x_wconf 80' lang='lat'><strong>¹)=</strong></span> <span class='ocrx_word' id='word_1_18' title='bbox 1173 460 1228 510; x_wconf 89' lang='lat' dir='ltr'><strong>sta·</strong></span> 
     </span>
     <span class='ocr_line' id='line_1_3' title="bbox 203 535 1230 616; baseline -0.008 -14"><span class='ocrx_word' id='word_1_19' title='bbox 203 543 260 602; x_wconf 91' lang='lat' dir='ltr'><strong>tuit</strong></span> <span class='ocrx_word' id='word_1_20' title='bbox 276 552 307 602; x_wconf 91' lang='lat' dir='ltr'><strong>et</strong></span> <span class='ocrx_word' id='word_1_21' title='bbox 324 540 467 612; x_wconf 85' lang='lat' dir='ltr'><strong>decrevit,</strong></span> <span class='ocrx_word' id='word_1_22' title='bbox 496 557 595 599; x_wconf 87' lang='lat' dir='ltr'><strong>omnes</strong></span> <span class='ocrx_word' id='word_1_23' title='bbox 616 548 648 598; x_wconf 88' lang='lat' dir='ltr'><strong>et</strong></span> <span class='ocrx_word' id='word_1_24' title='bbox 669 537 797 616; x_wconf 74' lang='lat' dir='ltr'><strong>singulos</strong></span> <span class='ocrx_word' id='word_1_25' title='bbox 815 536 922 596; x_wconf 79' lang='lat' dir='ltr'><strong>Christi</strong></span> <span class='ocrx_word' id='word_1_26' title='bbox 939 535 1042 596; x_wconf 84' lang='lat' dir='ltr'><strong>fideles</strong></span> <span class='ocrx_word' id='word_1_27' title='bbox 1063 535 1092 593; x_wconf 93' lang='lat' dir='ltr'><strong>in</strong></span> <span class='ocrx_word' id='word_1_28' title='bbox 1115 535 1230 604; x_wconf 87' lang='lat' dir='ltr'><strong>civitate</strong></span> 
     </span>
     <span class='ocr_line' id='line_1_4' title="bbox 202 619 1230 704; baseline -0.006 -17"><span class='ocrx_word' id='word_1_29' title='bbox 202 624 372 687; x_wconf 84' lang='lat' dir='ltr'><strong>Tridentina</strong></span> <span class='ocrx_word' id='word_1_30' title='bbox 398 634 593 704; x_wconf 73' lang='lat' dir='ltr'><strong>congregatos</strong></span> <span class='ocrx_word' id='word_1_31' title='bbox 619 620 815 682; x_wconf 86' lang='lat' dir='ltr'><strong>exhortandos</strong></span> <span class='ocrx_word' id='word_1_32' title='bbox 837 640 917 694; x_wconf 88' lang='lat' dir='ltr'><strong>esse,</strong></span> <span class='ocrx_word' id='word_1_33' title='bbox 943 630 1031 701; x_wconf 90' lang='lat' dir='ltr'><strong>prout</strong></span> <span class='ocrx_word' id='word_1_34' title='bbox 1053 619 1230 693; x_wconf 74' lang='lat' dir='ltr'><strong>exhortatur,</strong></span> 
     </span>
     <span class='ocr_line' id='line_1_5' title="bbox 203 705 1231 789; baseline -0.005 -16"><span class='ocrx_word' id='word_1_35' title='bbox 203 723 236 773; x_wconf 93' lang='lat' dir='ltr'><strong>ut</strong></span> <span class='ocrx_word' id='word_1_36' title='bbox 252 732 284 773; x_wconf 86' lang='lat' dir='ltr'><strong>se</strong></span> <span class='ocrx_word' id='word_1_37' title='bbox 302 731 320 771; x_wconf 89' lang='lat' dir='ltr'><strong>a</strong></span> <span class='ocrx_word' id='word_1_38' title='bbox 338 712 419 771; x_wconf 87' lang='lat' dir='ltr'><strong>malis</strong></span> <span class='ocrx_word' id='word_1_39' title='bbox 437 721 468 770; x_wconf 89' lang='lat' dir='ltr'><strong>et</strong></span> <span class='ocrx_word' id='word_1_40' title='bbox 483 708 613 789; x_wconf 88' lang='lat' dir='ltr'><strong>peccatis</strong></span> <span class='ocrx_word' id='word_1_41' title='bbox 630 707 769 768; x_wconf 89' lang='lat' dir='ltr'><strong>hactenus</strong></span> <span class='ocrx_word' id='word_1_42' title='bbox 784 707 941 767; x_wconf 88' lang='lat' dir='ltr'><strong>commissis</strong></span> <span class='ocrx_word' id='word_1_43' title='bbox 958 705 1123 779; x_wconf 86' lang='lat' dir='ltr'><strong>emendare,</strong></span> <span class='ocrx_word' id='word_1_44' title='bbox 1141 725 1177 767; x_wconf 87' lang='lat' dir='ltr'><strong>ac</strong></span> <span class='ocrx_word' id='word_1_45' title='bbox 1196 706 1231 768; x_wconf 88' lang='lat' dir='ltr'><strong>de</strong></span> 
     </span>
     <span class='ocr_line' id='line_1_6' title="bbox 204 790 1232 863; baseline -0.007 -4"><span class='ocrx_word' id='word_1_46' title='bbox 204 809 306 860; x_wconf 86' lang='lat' dir='ltr'><strong>cetero</strong></span> <span class='ocrx_word' id='word_1_47' title='bbox 328 799 358 856; x_wconf 87' lang='lat' dir='ltr'><strong>in</strong></span> <span class='ocrx_word' id='word_1_48' title='bbox 380 798 484 856; x_wconf 89' lang='lat' dir='ltr'><strong>timore</strong></span> <span class='ocrx_word' id='word_1_49' title='bbox 502 792 616 853; x_wconf 82' lang='lat' dir='ltr'><strong>Domini</strong></span> <span class='ocrx_word' id='word_1_50' title='bbox 639 791 800 863; x_wconf 87' lang='lat' dir='ltr'><strong>ambulare,</strong></span> <span class='ocrx_word' id='word_1_51' title='bbox 834 802 865 852; x_wconf 89' lang='lat' dir='ltr'><strong>et</strong></span> <span class='ocrx_word' id='word_1_52' title='bbox 891 790 1035 853; x_wconf 88' lang='lat' dir='ltr'><strong>desideria</strong></span> <span class='ocrx_word' id='word_1_53' title='bbox 1058 792 1154 853; x_wconf 90' lang='lat' dir='ltr'><strong>carnis</strong></span> <span class='ocrx_word' id='word_1_54' title='bbox 1175 811 1232 852; x_wconf 91' lang='lat' dir='ltr'><strong>non</strong></span> 
     </span>
     <span class='ocr_line' id='line_1_7' title="bbox 203 877 1231 964; baseline -0.002 -22"><span class='ocrx_word' id='word_1_55' title='bbox 203 882 396 964; x_wconf 78' lang='lat' dir='ltr'><strong>perlicere2),</strong></span> <span class='ocrx_word' id='word_1_56' title='bbox 417 879 593 939; x_wconf 88' lang='lat' dir='ltr'><strong>orationibus</strong></span> <span class='ocrx_word' id='word_1_57' title='bbox 606 879 726 951; x_wconf 90' lang='lat' dir='ltr'><strong>instare,</strong></span> <span class='ocrx_word' id='word_1_58' title='bbox 744 879 859 958; x_wconf 88' lang='lat' dir='ltr'><strong>saepius</strong></span> <span class='ocrx_word' id='word_1_59' title='bbox 877 878 1021 949; x_wconf 81' lang='lat' dir='ltr'><strong>confiteri,</strong></span> <span class='ocrx_word' id='word_1_60' title='bbox 1039 877 1231 940; x_wconf 75' lang='lat' dir='ltr'><strong>eucharistiae</strong></span> 
     </span>
     <span class='ocr_line' id='line_1_8' title="bbox 203 962 1232 1044; baseline -0.004 -16"><span class='ocrx_word' id='word_1_61' title='bbox 203 975 412 1028; x_wconf 87' lang='lat' dir='ltr'><strong>sacramentum</strong></span> <span class='ocrx_word' id='word_1_62' title='bbox 427 983 549 1036; x_wconf 90' lang='lat' dir='ltr'><strong>sumere,</strong></span> <span class='ocrx_word' id='word_1_63' title='bbox 568 963 710 1023; x_wconf 85' lang='lat' dir='ltr'><strong>ecclesias</strong></span> <span class='ocrx_word' id='word_1_64' title='bbox 723 963 919 1043; x_wconf 77' lang='lat' dir='ltr'><strong>irequrentare,</strong></span> <span class='ocrx_word' id='word_1_65' title='bbox 937 974 1096 1044; x_wconf 88' lang='lat' dir='ltr'><strong>praecepta</strong></span> <span class='ocrx_word' id='word_1_66' title='bbox 1110 962 1232 1044; x_wconf 84' lang='lat' dir='ltr'><strong>deniquo</strong></span> 
     </span>
     <span class='ocr_line' id='line_1_9' title="bbox 204 1041 1234 1130; baseline -0.004 -17"><span class='ocrx_word' id='word_1_67' title='bbox 204 1053 362 1124; x_wconf 87' lang='lat' dir='ltr'><strong>dominica,</strong></span> <span class='ocrx_word' id='word_1_68' title='bbox 381 1041 515 1130; x_wconf 88' lang='lat' dir='ltr'><strong>quantum</strong></span> <span class='ocrx_word' id='word_1_69' title='bbox 533 1051 652 1129; x_wconf 77' lang='lat' dir='ltr'><strong>quisque</strong></span> <span class='ocrx_word' id='word_1_70' title='bbox 669 1050 786 1128; x_wconf 85' lang='lat' dir='ltr'><strong>poterit,</strong></span> <span class='ocrx_word' id='word_1_71' title='bbox 805 1047 972 1129; x_wconf 89' lang='lat' dir='ltr'><strong>adimplere,</strong></span> <span class='ocrx_word' id='word_1_72' title='bbox 992 1067 1122 1109; x_wconf 87' lang='lat' dir='ltr'><strong>necnon</strong></span> <span class='ocrx_word' id='word_1_73' title='bbox 1141 1052 1234 1128; x_wconf 87' lang='lat' dir='ltr'><strong>qnoti-</strong></span> 
     </span>
     <span class='ocr_line' id='line_1_10' title="bbox 204 1134 1234 1218; baseline -0.004 -20"><span class='ocrx_word' id='word_1_74' title='bbox 204 1137 252 1198; x_wconf 92' lang='lat' dir='ltr'><strong>die</strong></span> <span class='ocrx_word' id='word_1_75' title='bbox 269 1157 323 1218; x_wconf 91' lang='lat' dir='ltr'><strong>pro</strong></span> <span class='ocrx_word' id='word_1_76' title='bbox 341 1155 414 1217; x_wconf 87' lang='lat' dir='ltr'><strong>pace</strong></span> <span class='ocrx_word' id='word_1_77' title='bbox 432 1135 591 1215; x_wconf 87' lang='lat' dir='ltr'><strong>principum</strong></span> <span class='ocrx_word' id='word_1_78' title='bbox 602 1135 829 1195; x_wconf 89' lang='lat' dir='ltr'><strong>Christianorum</strong></span> <span class='ocrx_word' id='word_1_79' title='bbox 847 1146 878 1193; x_wconf 89' lang='lat' dir='ltr'><strong>et</strong></span> <span class='ocrx_word' id='word_1_80' title='bbox 895 1137 1003 1195; x_wconf 90' lang='lat' dir='ltr'><strong>unitate</strong></span> <span class='ocrx_word' id='word_1_81' title='bbox 1018 1134 1161 1194; x_wconf 89' lang='lat' dir='ltr'><strong>ecclesiae</strong></span> <span class='ocrx_word' id='word_1_82' title='bbox 1175 1137 1234 1214; x_wconf 88' lang='lat' dir='ltr'><strong>pri·</strong></span> 
     </span>
     <span class='ocr_line' id='line_1_11' title="bbox 203 1215 1234 1301; baseline -0.005 -16"><span class='ocrx_word' id='word_1_83' title='bbox 203 1225 291 1286; x_wconf 79' lang='lat' dir='ltr'><strong>vatim</strong></span> <span class='ocrx_word' id='word_1_84' title='bbox 315 1241 401 1283; x_wconf 88' lang='lat' dir='ltr'><strong>orare</strong></span> <span class='ocrx_word' id='word_1_85' title='bbox 423 1215 526 1295; x_wconf 80' lang='lat' dir='ltr'><strong>velint3</strong></span> <span class='ocrx_word' id='word_1_86' title='bbox 554 1222 709 1301; x_wconf 92' lang='lat' dir='ltr'><strong>episcopos</strong></span> <span class='ocrx_word' id='word_1_87' title='bbox 734 1239 821 1291; x_wconf 85' lang='lat' dir='ltr'><strong>vero,</strong></span> <span class='ocrx_word' id='word_1_88' title='bbox 849 1231 880 1280; x_wconf 89' lang='lat' dir='ltr'><strong>et</strong></span> <span class='ocrx_word' id='word_1_89' title='bbox 902 1239 1085 1300; x_wconf 86' lang='lat' dir='ltr'><strong>quoscunque</strong></span> <span class='ocrx_word' id='word_1_90' title='bbox 1108 1220 1182 1280; x_wconf 88' lang='lat' dir='ltr'><strong>alios</strong></span> <span class='ocrx_word' id='word_1_91' title='bbox 1204 1223 1234 1280; x_wconf 94' lang='lat' dir='ltr'><strong>in</strong></span> 
     </span>
     <span class='ocr_line' id='line_1_12' title="bbox 204 1305 1235 1379; baseline -0.004 -9"><span class='ocrx_word' id='word_1_92' title='bbox 204 1307 305 1370; x_wconf 92' lang='lat' dir='ltr'><strong>ordine</strong></span> <span class='ocrx_word' id='word_1_93' title='bbox 328 1305 504 1369; x_wconf 88' lang='lat' dir='ltr'><strong>sacerdotali</strong></span> <span class='ocrx_word' id='word_1_94' title='bbox 528 1307 713 1379; x_wconf 88' lang='lat' dir='ltr'><strong>constitutos,</strong></span> <span class='ocrx_word' id='word_1_95' title='bbox 742 1305 957 1366; x_wconf 87' lang='lat' dir='ltr'><strong>oecumenicum</strong></span> <span class='ocrx_word' id='word_1_96' title='bbox 981 1305 1133 1366; x_wconf 90' lang='lat' dir='ltr'><strong>concilium</strong></span> <span class='ocrx_word' id='word_1_97' title='bbox 1151 1307 1180 1365; x_wconf 93' lang='lat' dir='ltr'><strong>in</strong></span> <span class='ocrx_word' id='word_1_98' title='bbox 1200 1326 1235 1366; x_wconf 89' lang='lat' dir='ltr'><strong>ea</strong></span> 
     </span>
     <span class='ocr_line' id='line_1_13' title="bbox 204 1389 1234 1464; baseline -0.003 -10"><span class='ocrx_word' id='word_1_99' title='bbox 204 1396 322 1454; x_wconf 90' lang='lat' dir='ltr'><strong>civitate</strong></span> <span class='ocrx_word' id='word_1_100' title='bbox 341 1392 595 1464; x_wconf 88' lang='lat' dir='ltr'><strong>concelebrantes,</strong></span> <span class='ocrx_word' id='word_1_101' title='bbox 613 1402 645 1451; x_wconf 90' lang='lat' dir='ltr'><strong>ut</strong></span> <span class='ocrx_word' id='word_1_102' title='bbox 661 1389 776 1452; x_wconf 78' lang='lat' dir='ltr'><strong>assidue</strong></span> <span class='ocrx_word' id='word_1_103' title='bbox 794 1393 825 1450; x_wconf 93' lang='lat' dir='ltr'><strong>in</strong></span> <span class='ocrx_word' id='word_1_104' title='bbox 836 1390 890 1451; x_wconf 83' lang='lat' dir='ltr'><strong>Ilei</strong></span> <span class='ocrx_word' id='word_1_105' title='bbox 909 1390 1039 1450; x_wconf 88' lang='lat' dir='ltr'><strong>laudibus</strong></span> <span class='ocrx_word' id='word_1_106' title='bbox 1057 1391 1234 1463; x_wconf 89' lang='lat' dir='ltr'><strong>incumbere,</strong></span> 
     </span>
     <span class='ocr_line' id='line_1_14' title="bbox 203 1477 1237 1558; baseline -0.004 -18"><span class='ocrx_word' id='word_1_107' title='bbox 203 1479 327 1551; x_wconf 88' lang='lat' dir='ltr'><strong>hostias,</strong></span> <span class='ocrx_word' id='word_1_108' title='bbox 355 1478 455 1538; x_wconf 88' lang='lat' dir='ltr'><strong>leudes</strong></span> <span class='ocrx_word' id='word_1_109' title='bbox 477 1488 508 1538; x_wconf 88' lang='lat' dir='ltr'><strong>et</strong></span> <span class='ocrx_word' id='word_1_110' title='bbox 524 1496 628 1558; x_wconf 80' lang='lat' dir='ltr'><strong>preces</strong></span> <span class='ocrx_word' id='word_1_111' title='bbox 647 1478 768 1550; x_wconf 84' lang='lat' dir='ltr'><strong>offerre,</strong></span> <span class='ocrx_word' id='word_1_112' title='bbox 796 1477 968 1536; x_wconf 84' lang='lat' dir='ltr'><strong>sacrificium</strong></span> <span class='ocrx_word' id='word_1_113' title='bbox 986 1477 1089 1536; x_wconf 90' lang='lat' dir='ltr'><strong>missae</strong></span> <span class='ocrx_word' id='word_1_114' title='bbox 1108 1477 1237 1556; x_wconf 90' lang='lat' dir='ltr'><strong>quolibet</strong></span> 
     </span>
     <span class='ocr_line' id='line_1_15' title="bbox 203 1559 1236 1642; baseline -0.004 -16"><span class='ocrx_word' id='word_1_115' title='bbox 203 1565 305 1626; x_wconf 85' lang='lat' dir='ltr'><strong>saltem</strong></span> <span class='ocrx_word' id='word_1_116' title='bbox 323 1563 371 1624; x_wconf 90' lang='lat' dir='ltr'><strong>die</strong></span> <span class='ocrx_word' id='word_1_117' title='bbox 390 1562 550 1634; x_wconf 90' lang='lat' dir='ltr'><strong>dominico,</strong></span> <span class='ocrx_word' id='word_1_118' title='bbox 574 1565 604 1622; x_wconf 91' lang='lat' dir='ltr'><strong>in</strong></span> <span class='ocrx_word' id='word_1_119' title='bbox 622 1582 678 1642; x_wconf 85' lang='lat' dir='ltr'><strong>quo</strong></span> <span class='ocrx_word' id='word_1_120' title='bbox 697 1562 775 1623; x_wconf 87' lang='lat' dir='ltr'><strong>Deus</strong></span> <span class='ocrx_word' id='word_1_121' title='bbox 794 1562 887 1622; x_wconf 86' lang='lat' dir='ltr'><strong>lucem</strong></span> <span class='ocrx_word' id='word_1_122' title='bbox 907 1559 1051 1634; x_wconf 91' lang='lat' dir='ltr'><strong>condidit,</strong></span> <span class='ocrx_word' id='word_1_123' title='bbox 1075 1572 1106 1621; x_wconf 93' lang='lat' dir='ltr'><strong>et</strong></span> <span class='ocrx_word' id='word_1_124' title='bbox 1123 1581 1142 1620; x_wconf 84' lang='lat' dir='ltr'><strong>a</strong></span> <span class='ocrx_word' id='word_1_125' title='bbox 1159 1582 1236 1623; x_wconf 90' lang='lat' dir='ltr'><strong>mor-</strong></span> 
     </span>
     <span class='ocr_line' id='line_1_16' title="bbox 203 1645 1235 1727; baseline -0.004 -18"><span class='ocrx_word' id='word_1_126' title='bbox 203 1650 260 1710; x_wconf 89' lang='lat' dir='ltr'><strong>tuis</strong></span> <span class='ocrx_word' id='word_1_127' title='bbox 277 1651 451 1720; x_wconf 88' lang='lat' dir='ltr'><strong>resurrexit,</strong></span> <span class='ocrx_word' id='word_1_128' title='bbox 480 1669 515 1710; x_wconf 91' lang='lat' dir='ltr'><strong>ac</strong></span> <span class='ocrx_word' id='word_1_129' title='bbox 535 1645 672 1727; x_wconf 89' lang='lat' dir='ltr'><strong>Spiritum</strong></span> <span class='ocrx_word' id='word_1_130' title='bbox 695 1658 824 1708; x_wconf 91' lang='lat' dir='ltr'><strong>sanctum</strong></span> <span class='ocrx_word' id='word_1_131' title='bbox 846 1649 876 1706; x_wconf 89' lang='lat' dir='ltr'><strong>in</strong></span> <span class='ocrx_word' id='word_1_132' title='bbox 898 1645 1056 1727; x_wconf 88' lang='lat' dir='ltr'><strong>discipulos</strong></span> <span class='ocrx_word' id='word_1_133' title='bbox 1077 1645 1181 1726; x_wconf 84' lang='lat' dir='ltr'><strong>inludit</strong></span> <span class='ocrx_word' id='word_1_134' title='bbox 1194 1649 1235 1722; x_wconf 85' lang='lat'><strong>³),</strong></span> 
     </span>
     <span class='ocr_line' id='line_1_17' title="bbox 202 1730 1237 1815; baseline -0.002 -20"><span class='ocrx_word' id='word_1_135' title='bbox 202 1754 346 1815; x_wconf 83' lang='lat' dir='ltr'><strong>peragere</strong></span> <span class='ocrx_word' id='word_1_136' title='bbox 364 1745 511 1813; x_wconf 82' lang='lat' dir='ltr'><strong>satagant,</strong></span> <span class='ocrx_word' id='word_1_137' title='bbox 538 1734 694 1806; x_wconf 84' lang='lat' dir='ltr'><strong>facientes,</strong></span> <span class='ocrx_word' id='word_1_138' title='bbox 722 1734 798 1794; x_wconf 89' lang='lat' dir='ltr'><strong>sicut</strong></span> <span class='ocrx_word' id='word_1_139' title='bbox 814 1731 889 1793; x_wconf 90' lang='lat' dir='ltr'><strong>idem</strong></span> <span class='ocrx_word' id='word_1_140' title='bbox 909 1730 1032 1812; x_wconf 84' lang='lat' dir='ltr'><strong>Spiritus</strong></span> <span class='ocrx_word' id='word_1_141' title='bbox 1051 1743 1165 1792; x_wconf 89' lang='lat' dir='ltr'><strong>sanctus</strong></span> <span class='ocrx_word' id='word_1_142' title='bbox 1181 1752 1237 1812; x_wconf 90' lang='lat' dir='ltr'><strong>per</strong></span> 
     </span>
     <span class='ocr_line' id='line_1_18' title="bbox 142 1819 1235 1901; baseline -0.004 -19"><span class='ocrx_word' id='word_1_143' title='bbox 142 1849 144 1852; x_wconf 95' lang='lat'>·</span> <span class='ocrx_word' id='word_1_144' title='bbox 201 1821 373 1901; x_wconf 80' lang='lat' dir='ltr'><strong>Apostolum</strong></span> <span class='ocrx_word' id='word_1_145' title='bbox 386 1821 530 1900; x_wconf 89' lang='lat' dir='ltr'><strong>praecipit</strong></span> <span class='ocrx_word' id='word_1_146' title='bbox 543 1821 582 1894; x_wconf 81' lang='lat'><strong>⁴),</strong></span> <span class='ocrx_word' id='word_1_147' title='bbox 602 1819 831 1890; x_wconf 79' lang='lat' dir='ltr'><strong>obsecrationes,</strong></span> <span class='ocrx_word' id='word_1_148' title='bbox 847 1819 1003 1892; x_wconf 87' lang='lat' dir='ltr'><strong>orationes,</strong></span> <span class='ocrx_word' id='word_1_149' title='bbox 1017 1819 1235 1898; x_wconf 86' lang='lat' dir='ltr'><strong>postulationes,</strong></span> 
     </span>
     <span class='ocr_line' id='line_1_19' title="bbox 203 1903 1235 1986; baseline -0.002 -21"><span class='ocrx_word' id='word_1_150' title='bbox 203 1906 360 1986; x_wconf 79' lang='lat' dir='ltr'><strong>gratiarum</strong></span> <span class='ocrx_word' id='word_1_151' title='bbox 384 1908 515 1966; x_wconf 87' lang='lat' dir='ltr'><strong>actiones</strong></span> <span class='ocrx_word' id='word_1_152' title='bbox 536 1925 590 1984; x_wconf 90' lang='lat' dir='ltr'><strong>pro</strong></span> <span class='ocrx_word' id='word_1_153' title='bbox 613 1906 792 1966; x_wconf 86' lang='lat' dir='ltr'><strong>sanctissimo</strong></span> <span class='ocrx_word' id='word_1_154' title='bbox 812 1903 927 1964; x_wconf 90' lang='lat' dir='ltr'><strong>domino</strong></span> <span class='ocrx_word' id='word_1_155' title='bbox 945 1914 1044 1964; x_wconf 91' lang='lat' dir='ltr'><strong>nostro</strong></span> <span class='ocrx_word' id='word_1_156' title='bbox 1063 1903 1154 1983; x_wconf 90' lang='lat' dir='ltr'><strong>Papa,</strong></span> <span class='ocrx_word' id='word_1_157' title='bbox 1182 1924 1235 1982; x_wconf 88' lang='lat' dir='ltr'><strong>pro</strong></span> 
     </span>
     <span class='ocr_line' id='line_1_20' title="bbox 202 1989 1238 2071; baseline -0.004 -19"><span class='ocrx_word' id='word_1_158' title='bbox 202 1995 393 2071; x_wconf 83' lang='lat' dir='ltr'><strong>imperatore,</strong></span> <span class='ocrx_word' id='word_1_159' title='bbox 412 2012 466 2071; x_wconf 88' lang='lat' dir='ltr'><strong>pro</strong></span> <span class='ocrx_word' id='word_1_160' title='bbox 485 1991 612 2070; x_wconf 83' lang='lat' dir='ltr'><strong>regibus,</strong></span> <span class='ocrx_word' id='word_1_161' title='bbox 632 2001 663 2050; x_wconf 88' lang='lat' dir='ltr'><strong>et</strong></span> <span class='ocrx_word' id='word_1_162' title='bbox 680 1993 801 2062; x_wconf 89' lang='lat' dir='ltr'><strong>ceteris,</strong></span> <span class='ocrx_word' id='word_1_163' title='bbox 820 1991 868 2070; x_wconf 83' lang='lat' dir='ltr'><strong>qui</strong></span> <span class='ocrx_word' id='word_1_164' title='bbox 890 1991 919 2049; x_wconf 93' lang='lat' dir='ltr'><strong>in</strong></span> <span class='ocrx_word' id='word_1_165' title='bbox 937 1989 1109 2050; x_wconf 83' lang='lat' dir='ltr'><strong>sublimitate</strong></span> <span class='ocrx_word' id='word_1_166' title='bbox 1129 1992 1238 2049; x_wconf 82' lang='lat' dir='ltr'><strong>consti-</strong></span> 
     </span>
     <span class='ocr_line' id='line_1_21' title="bbox 201 2075 1238 2155; baseline -0.002 -19"><span class='ocrx_word' id='word_1_167' title='bbox 201 2080 257 2137; x_wconf 87' lang='lat' dir='ltr'><strong>tuti</strong></span> <span class='ocrx_word' id='word_1_168' title='bbox 274 2088 353 2149; x_wconf 90' lang='lat' dir='ltr'><strong>sunt,</strong></span> <span class='ocrx_word' id='word_1_169' title='bbox 377 2086 408 2136; x_wconf 89' lang='lat' dir='ltr'><strong>et</strong></span> <span class='ocrx_word' id='word_1_170' title='bbox 424 2096 478 2155; x_wconf 89' lang='lat' dir='ltr'><strong>pro</strong></span> <span class='ocrx_word' id='word_1_171' title='bbox 497 2076 627 2136; x_wconf 87' lang='lat' dir='ltr'><strong>omnihus</strong></span> <span class='ocrx_word' id='word_1_172' title='bbox 644 2076 818 2146; x_wconf 87' lang='lat' dir='ltr'><strong>hominibus,</strong></span> <span class='ocrx_word' id='word_1_173' title='bbox 847 2086 878 2133; x_wconf 90' lang='lat' dir='ltr'><strong>ut</strong></span> <span class='ocrx_word' id='word_1_174' title='bbox 900 2077 1023 2154; x_wconf 85' lang='lat' dir='ltr'><strong>quietam</strong></span> <span class='ocrx_word' id='word_1_175' title='bbox 1047 2085 1077 2153; x_wconf 75' lang='lat' dir='ltr'><strong>et</strong></span> <span class='ocrx_word' id='word_1_176' title='bbox 1099 2075 1238 2154; x_wconf 89' lang='lat' dir='ltr'><strong>tranquil·</strong></span> 
     </span>
     <span class='ocr_line' id='line_1_22' title="bbox 202 2157 1238 2239; baseline -0.001 -18"><span class='ocrx_word' id='word_1_177' title='bbox 202 2163 259 2222; x_wconf 91' lang='lat' dir='ltr'><strong>lam</strong></span> <span class='ocrx_word' id='word_1_178' title='bbox 276 2163 362 2221; x_wconf 86' lang='lat' dir='ltr'><strong>vitam</strong></span> <span class='ocrx_word' id='word_1_179' title='bbox 381 2180 513 2237; x_wconf 82' lang='lat' dir='ltr'><strong>agamus,</strong></span> <span class='ocrx_word' id='word_1_180' title='bbox 532 2179 605 2239; x_wconf 88' lang='lat' dir='ltr'><strong>pace</strong></span> <span class='ocrx_word' id='word_1_181' title='bbox 624 2161 760 2232; x_wconf 85' lang='lat' dir='ltr'><strong>fruamur,</strong></span> <span class='ocrx_word' id='word_1_182' title='bbox 780 2171 811 2219; x_wconf 91' lang='lat' dir='ltr'><strong>et</strong></span> <span class='ocrx_word' id='word_1_183' title='bbox 828 2157 896 2218; x_wconf 90' lang='lat' dir='ltr'><strong>lidei</strong></span> <span class='ocrx_word' id='word_1_184' title='bbox 914 2161 1120 2219; x_wconf 88' lang='lat' dir='ltr'><strong>incrementum</strong></span> <span class='ocrx_word' id='word_1_185' title='bbox 1137 2159 1238 2220; x_wconf 89' lang='lat' dir='ltr'><strong>videa-</strong></span> 
     </span>
     <span class='ocr_line' id='line_1_23' title="bbox 202 2243 1238 2322; baseline -0.001 -15"><span class='ocrx_word' id='word_1_186' title='bbox 202 2267 273 2307; x_wconf 87' lang='lat' dir='ltr'><strong>mus.</strong></span> <span class='ocrx_word' id='word_1_187' title='bbox 310 2245 469 2306; x_wconf 88' lang='lat' dir='ltr'><strong>Praeterca</strong></span> <span class='ocrx_word' id='word_1_188' title='bbox 485 2245 627 2315; x_wconf 90' lang='lat' dir='ltr'><strong>hortatur,</strong></span> <span class='ocrx_word' id='word_1_189' title='bbox 646 2255 678 2303; x_wconf 92' lang='lat' dir='ltr'><strong>ut</strong></span> <span class='ocrx_word' id='word_1_190' title='bbox 691 2245 820 2310; x_wconf 79' lang='lat' dir='ltr'><strong>ieiunant</strong></span> <span class='ocrx_word' id='word_1_191' title='bbox 837 2244 938 2302; x_wconf 86' lang='lat' dir='ltr'><strong>saltem</strong></span> <span class='ocrx_word' id='word_1_192' title='bbox 957 2243 1076 2322; x_wconf 84' lang='lat' dir='ltr'><strong>singulis</strong></span> <span class='ocrx_word' id='word_1_193' title='bbox 1089 2246 1179 2304; x_wconf 81' lang='lat' dir='ltr'><strong>sextis</strong></span> <span class='ocrx_word' id='word_1_194' title='bbox 1193 2247 1238 2306; x_wconf 82' lang='lat' dir='ltr'><strong>fe·</strong></span> 
     </span>
     <span class='ocr_line' id='line_1_24' title="bbox 202 2328 1238 2409; baseline -0.003 -16"><span class='ocrx_word' id='word_1_195' title='bbox 202 2334 255 2393; x_wconf 87' lang='lat' dir='ltr'><strong>riis</strong></span> <span class='ocrx_word' id='word_1_196' title='bbox 273 2333 303 2391; x_wconf 92' lang='lat' dir='ltr'><strong>in</strong></span> <span class='ocrx_word' id='word_1_197' title='bbox 323 2331 489 2392; x_wconf 87' lang='lat' dir='ltr'><strong>memoriam</strong></span> <span class='ocrx_word' id='word_1_198' title='bbox 504 2330 645 2408; x_wconf 86' lang='lat' dir='ltr'><strong>passionis</strong></span> <span class='ocrx_word' id='word_1_199' title='bbox 659 2328 783 2400; x_wconf 85' lang='lat' dir='ltr'><strong>Domini,</strong></span> <span class='ocrx_word' id='word_1_200' title='bbox 803 2338 834 2388; x_wconf 92' lang='lat' dir='ltr'><strong>et</strong></span> <span class='ocrx_word' id='word_1_201' title='bbox 851 2329 1050 2408; x_wconf 80' lang='lat' dir='ltr'><strong>eleemosynas</strong></span> <span class='ocrx_word' id='word_1_202' title='bbox 1063 2331 1238 2409; x_wconf 87' lang='lat' dir='ltr'><strong>pauperihus</strong></span> 
     </span>
     <span class='ocr_line' id='line_1_25' title="bbox 202 2412 1238 2497; baseline -0.002 -19"><span class='ocrx_word' id='word_1_203' title='bbox 202 2425 334 2497; x_wconf 75' lang='lat' dir='ltr'><strong>erogent</strong></span> <span class='ocrx_word' id='word_1_204' title='bbox 380 2416 413 2476; x_wconf 95' lang='lat' dir='ltr'><strong>ln</strong></span> <span class='ocrx_word' id='word_1_205' title='bbox 436 2415 564 2474; x_wconf 87' lang='lat' dir='ltr'><strong>ecclesia</strong></span> <span class='ocrx_word' id='word_1_206' title='bbox 585 2424 681 2475; x_wconf 90' lang='lat' dir='ltr'><strong>autem</strong></span> <span class='ocrx_word' id='word_1_207' title='bbox 704 2412 865 2474; x_wconf 79' lang='lat' dir='ltr'><strong>cathedrali</strong></span> <span class='ocrx_word' id='word_1_208' title='bbox 888 2414 1008 2492; x_wconf 77' lang='lat' dir='ltr'><strong>singulis</strong></span> <span class='ocrx_word' id='word_1_209' title='bbox 1031 2415 1137 2493; x_wconf 89' lang='lat' dir='ltr'><strong>quintis</strong></span> <span class='ocrx_word' id='word_1_210' title='bbox 1155 2416 1238 2476; x_wconf 85' lang='lat' dir='ltr'><strong>ieriis</strong></span> 
     </span>
     <span class='ocr_line' id='line_1_26' title="bbox 203 2497 1238 2579; baseline -0.003 -16"><span class='ocrx_word' id='word_1_211' title='bbox 203 2502 373 2563; x_wconf 86' lang='lat' dir='ltr'><strong>celebretur</strong></span> <span class='ocrx_word' id='word_1_212' title='bbox 394 2501 480 2560; x_wconf 88' lang='lat' dir='ltr'><strong>missa</strong></span> <span class='ocrx_word' id='word_1_213' title='bbox 503 2498 540 2560; x_wconf 91' lang='lat' dir='ltr'><strong>de</strong></span> <span class='ocrx_word' id='word_1_214' title='bbox 564 2497 675 2579; x_wconf 88' lang='lat' dir='ltr'><strong>Spiritu</strong></span> <span class='ocrx_word' id='word_1_215' title='bbox 698 2510 801 2560; x_wconf 90' lang='lat' dir='ltr'><strong>sancto</strong></span> <span class='ocrx_word' id='word_1_216' title='bbox 824 2519 888 2560; x_wconf 89' lang='lat' dir='ltr'><strong>eum</strong></span> <span class='ocrx_word' id='word_1_217' title='bbox 911 2499 1017 2560; x_wconf 87' lang='lat' dir='ltr'><strong>litaniis</strong></span> <span class='ocrx_word' id='word_1_218' title='bbox 1040 2510 1071 2560; x_wconf 89' lang='lat' dir='ltr'><strong>et</strong></span> <span class='ocrx_word' id='word_1_219' title='bbox 1087 2500 1152 2560; x_wconf 84' lang='lat' dir='ltr'><strong>aliis</strong></span> <span class='ocrx_word' id='word_1_220' title='bbox 1170 2520 1238 2560; x_wconf 90' lang='lat' dir='ltr'><strong>ora·</strong></span> 
     </span>
     <span class='ocr_line' id='line_1_27' title="bbox 202 2585 1236 2658; baseline 0 -12"><span class='ocrx_word' id='word_1_221' title='bbox 202 2588 328 2648; x_wconf 86' lang='lat' dir='ltr'><strong>tionibus</strong></span> <span class='ocrx_word' id='word_1_222' title='bbox 350 2586 388 2646; x_wconf 89' lang='lat' dir='ltr'><strong>ad</strong></span> <span class='ocrx_word' id='word_1_223' title='bbox 411 2586 468 2645; x_wconf 88' lang='lat' dir='ltr'><strong>hoc</strong></span> <span class='ocrx_word' id='word_1_224' title='bbox 491 2586 642 2658; x_wconf 71' lang='lat' dir='ltr'><strong>institutis,</strong></span> <span class='ocrx_word' id='word_1_225' title='bbox 670 2587 699 2645; x_wconf 91' lang='lat' dir='ltr'><strong>in</strong></span> <span class='ocrx_word' id='word_1_226' title='bbox 722 2586 788 2645; x_wconf 88' lang='lat' dir='ltr'><strong>aliis</strong></span> <span class='ocrx_word' id='word_1_227' title='bbox 811 2604 881 2646; x_wconf 92' lang='lat' dir='ltr'><strong>vero</strong></span> <span class='ocrx_word' id='word_1_228' title='bbox 907 2586 1041 2646; x_wconf 88' lang='lat' dir='ltr'><strong>ecclesiis</strong></span> <span class='ocrx_word' id='word_1_229' title='bbox 1065 2586 1165 2645; x_wconf 87' lang='lat' dir='ltr'><strong>eadem</strong></span> <span class='ocrx_word' id='word_1_230' title='bbox 1188 2585 1236 2646; x_wconf 89' lang='lat' dir='ltr'><strong>die</strong></span> 
     </span>
     <span class='ocr_line' id='line_1_28' title="bbox 167 2670 1235 2751; baseline -0.004 -17"><span class='ocrx_word' id='word_1_231' title='bbox 167 2672 338 2742; x_wconf 67' lang='lat' dir='ltr'><strong>radicantur</strong></span> <span class='ocrx_word' id='word_1_232' title='bbox 364 2670 402 2732; x_wconf 90' lang='lat' dir='ltr'><strong>ad</strong></span> <span class='ocrx_word' id='word_1_233' title='bbox 428 2673 520 2730; x_wconf 90' lang='lat' dir='ltr'><strong>minus</strong></span> <span class='ocrx_word' id='word_1_234' title='bbox 548 2671 666 2731; x_wconf 84' lang='lat' dir='ltr'><strong>litaniae</strong></span> <span class='ocrx_word' id='word_1_235' title='bbox 694 2681 726 2731; x_wconf 92' lang='lat' dir='ltr'><strong>et</strong></span> <span class='ocrx_word' id='word_1_236' title='bbox 752 2671 909 2731; x_wconf 87' lang='lat' dir='ltr'><strong>orationes.</strong></span> <span class='ocrx_word' id='word_1_237' title='bbox 959 2670 1102 2751; x_wconf 87' lang='lat' dir='ltr'><strong>Tempore</strong></span> <span class='ocrx_word' id='word_1_238' title='bbox 1129 2681 1235 2742; x_wconf 84' lang='lat' dir='ltr'><strong>autem,</strong></span> 
     </span>
     <span class='ocr_line' id='line_1_29' title="bbox 202 2756 1236 2844; baseline -0.003 -26"><span class='ocrx_word' id='word_1_239' title='bbox 202 2778 258 2838; x_wconf 83' lang='lat' dir='ltr'><strong>quo</strong></span> <span class='ocrx_word' id='word_1_240' title='bbox 281 2776 366 2818; x_wconf 86' lang='lat' dir='ltr'><strong>sacra</strong></span> <span class='ocrx_word' id='word_1_241' title='bbox 387 2766 579 2844; x_wconf 64' lang='lat' dir='ltr'><strong>peraguntup,</strong></span> <span class='ocrx_word' id='word_1_242' title='bbox 612 2756 825 2817; x_wconf 89' lang='lat' dir='ltr'><strong>collocutiones</strong></span> <span class='ocrx_word' id='word_1_243' title='bbox 847 2767 880 2816; x_wconf 89' lang='lat' dir='ltr'><strong>et</strong></span> <span class='ocrx_word' id='word_1_244' title='bbox 902 2757 1152 2817; x_wconf 78' lang='lat' dir='ltr'><strong>confabulationes</strong></span> <span class='ocrx_word' id='word_1_245' title='bbox 1179 2777 1236 2816; x_wconf 91' lang='lat' dir='ltr'><strong>non</strong></span> 
     </span>
     <span class='ocr_line' id='line_1_30' title="bbox 202 2839 1237 2922; baseline -0.002 -18"><span class='ocrx_word' id='word_1_246' title='bbox 202 2845 286 2916; x_wconf 89' lang='lat' dir='ltr'><strong>liant,</strong></span> <span class='ocrx_word' id='word_1_247' title='bbox 319 2839 371 2902; x_wconf 89' lang='lat' dir='ltr'><strong>sed</strong></span> <span class='ocrx_word' id='word_1_248' title='bbox 400 2861 451 2902; x_wconf 90' lang='lat' dir='ltr'><strong>ore</strong></span> <span class='ocrx_word' id='word_1_249' title='bbox 480 2851 512 2902; x_wconf 94' lang='lat' dir='ltr'><strong>et</strong></span> <span class='ocrx_word' id='word_1_250' title='bbox 533 2843 628 2901; x_wconf 89' lang='lat' dir='ltr'><strong>animo</strong></span> <span class='ocrx_word' id='word_1_251' title='bbox 652 2842 812 2902; x_wconf 81' lang='lat' dir='ltr'><strong>celebranti</strong></span> <span class='ocrx_word' id='word_1_252' title='bbox 835 2844 996 2903; x_wconf 88' lang='lat' dir='ltr'><strong>assistatur.</strong></span> <span class='ocrx_word' id='word_1_253' title='bbox 1044 2841 1083 2902; x_wconf 87' lang='lat' dir='ltr'><strong>Et</strong></span> <span class='ocrx_word' id='word_1_254' title='bbox 1104 2845 1237 2922; x_wconf 62' lang='lat' dir='ltr'><strong>moniam</strong></span> 
     </span>
     <span class='ocr_line' id='line_1_31' title="bbox 202 2927 1237 3010; baseline -0.002 -20"><span class='ocrx_word' id='word_1_255' title='bbox 202 2939 321 3010; x_wconf 88' lang='lat' dir='ltr'><strong>oportet</strong></span> <span class='ocrx_word' id='word_1_256' title='bbox 343 2928 498 3008; x_wconf 87' lang='lat' dir='ltr'><strong>episcopos</strong></span> <span class='ocrx_word' id='word_1_257' title='bbox 517 2945 581 2988; x_wconf 90' lang='lat' dir='ltr'><strong>esse</strong></span> <span class='ocrx_word' id='word_1_258' title='bbox 600 2927 885 3008; x_wconf 89' lang='lat' dir='ltr'><strong>irreprehensibiles,</strong></span> <span class='ocrx_word' id='word_1_259' title='bbox 904 2929 1032 3000; x_wconf 87' lang='lat' dir='ltr'><strong>sobrios,</strong></span> <span class='ocrx_word' id='word_1_260' title='bbox 1052 2939 1162 3001; x_wconf 73' lang='lat' dir='ltr'><strong>emtas,</strong></span> <span class='ocrx_word' id='word_1_261' title='bbox 1184 2927 1237 2988; x_wconf 93' lang='lat' dir='ltr'><strong>do-</strong></span> 
     </span>
     <span class='ocr_line' id='line_1_32' title="bbox 201 3013 1237 3093; baseline 0 -19"><span class='ocrx_word' id='word_1_262' title='bbox 201 3017 259 3076; x_wconf 90' lang='lat' dir='ltr'><strong>mui</strong></span> <span class='ocrx_word' id='word_1_263' title='bbox 277 3033 346 3075; x_wconf 86' lang='lat' dir='ltr'><strong>aune</strong></span> <span class='ocrx_word' id='word_1_264' title='bbox 364 3014 440 3074; x_wconf 89' lang='lat' dir='ltr'><strong>bene</strong></span> <span class='ocrx_word' id='word_1_265' title='bbox 457 3013 640 3093; x_wconf 88' lang='lat' dir='ltr'><strong>praepositos</strong></span> <span class='ocrx_word' id='word_1_266' title='bbox 654 3015 698 3088; x_wconf 81' lang='lat'><strong>⁵),</strong></span> <span class='ocrx_word' id='word_1_267' title='bbox 726 3015 859 3074; x_wconf 89' lang='lat' dir='ltr'><strong>hortatur</strong></span> <span class='ocrx_word' id='word_1_268' title='bbox 876 3016 976 3087; x_wconf 88' lang='lat' dir='ltr'><strong>etiam,</strong></span> <span class='ocrx_word' id='word_1_269' title='bbox 1005 3025 1122 3074; x_wconf 87' lang='lat' dir='ltr'><strong>utente</strong></span> <span class='ocrx_word' id='word_1_270' title='bbox 1140 3017 1237 3074; x_wconf 90' lang='lat' dir='ltr'><strong>omnia</strong></span> 
     </span>
     <span class='ocr_line' id='line_1_33' title="bbox 203 3097 1237 3180; baseline 0 -20"><span class='ocrx_word' id='word_1_271' title='bbox 203 3100 323 3180; x_wconf 86' lang='lat' dir='ltr'><strong>quilibet</strong></span> <span class='ocrx_word' id='word_1_272' title='bbox 349 3100 378 3159; x_wconf 89' lang='lat' dir='ltr'><strong>in</strong></span> <span class='ocrx_word' id='word_1_273' title='bbox 401 3118 499 3160; x_wconf 88' lang='lat' dir='ltr'><strong>mensa</strong></span> <span class='ocrx_word' id='word_1_274' title='bbox 522 3109 619 3159; x_wconf 88' lang='lat' dir='ltr'><strong>servet</strong></span> <span class='ocrx_word' id='word_1_275' title='bbox 640 3099 826 3160; x_wconf 85' lang='lat' dir='ltr'><strong>sobrietatem</strong></span> <span class='ocrx_word' id='word_1_276' title='bbox 849 3098 1131 3180; x_wconf 87' lang='lat' dir='ltr'><strong>moderationemque</strong></span> <span class='ocrx_word' id='word_1_277' title='bbox 1155 3097 1237 3160; x_wconf 85' lang='lat' dir='ltr'><strong>cibo·</strong></span> 
     </span>
     <span class='ocr_line' id='line_1_34' title="bbox 202 3182 1236 3264; baseline -0.002 -20"><span class='ocrx_word' id='word_1_278' title='bbox 202 3205 279 3257; x_wconf 83' lang='lat' dir='ltr'><strong>rum3</strong></span> <span class='ocrx_word' id='word_1_279' title='bbox 312 3182 432 3258; x_wconf 86' lang='lat' dir='ltr'><strong>deinde,</strong></span> <span class='ocrx_word' id='word_1_280' title='bbox 460 3202 544 3263; x_wconf 88' lang='lat' dir='ltr'><strong>quum</strong></span> <span class='ocrx_word' id='word_1_281' title='bbox 570 3185 600 3242; x_wconf 92' lang='lat' dir='ltr'><strong>in</strong></span> <span class='ocrx_word' id='word_1_282' title='bbox 627 3205 663 3245; x_wconf 90' lang='lat' dir='ltr'><strong>eo</strong></span> <span class='ocrx_word' id='word_1_283' title='bbox 686 3186 753 3246; x_wconf 90' lang='lat' dir='ltr'><strong>loco</strong></span> <span class='ocrx_word' id='word_1_284' title='bbox 775 3204 864 3264; x_wconf 87' lang='lat' dir='ltr'><strong>saepe</strong></span> <span class='ocrx_word' id='word_1_285' title='bbox 887 3185 974 3244; x_wconf 91' lang='lat' dir='ltr'><strong>otiosi</strong></span> <span class='ocrx_word' id='word_1_286' title='bbox 996 3203 1143 3246; x_wconf 88' lang='lat' dir='ltr'><strong>sermones</strong></span> <span class='ocrx_word' id='word_1_287' title='bbox 1165 3185 1236 3244; x_wconf 87' lang='lat' dir='ltr'><strong>oriri</strong></span> 
     </span>
     <span class='ocr_line' id='line_1_35' title="bbox 175 3267 1236 3350; baseline -0.001 -20"><span class='ocrx_word' id='word_1_288' title='bbox 175 3271 332 3342; x_wconf 85' lang='lat' dir='ltr'><strong>-soleant,</strong></span> <span class='ocrx_word' id='word_1_289' title='bbox 354 3272 433 3329; x_wconf 92' lang='lat' dir='ltr'><strong>utin</strong></span> <span class='ocrx_word' id='word_1_290' title='bbox 451 3271 577 3348; x_wconf 89' lang='lat' dir='ltr'><strong>ipsorum</strong></span> <span class='ocrx_word' id='word_1_291' title='bbox 595 3271 798 3350; x_wconf 89' lang='lat' dir='ltr'><strong>episcoporum</strong></span> <span class='ocrx_word' id='word_1_292' title='bbox 816 3271 920 3330; x_wconf 87' lang='lat' dir='ltr'><strong>mensis</strong></span> <span class='ocrx_word' id='word_1_293' title='bbox 938 3267 1095 3330; x_wconf 89' lang='lat' dir='ltr'><strong>divinarum</strong></span> <span class='ocrx_word' id='word_1_294' title='bbox 1113 3271 1236 3349; x_wconf 90' lang='lat' dir='ltr'><strong>scriptu-</strong></span> 
     </span>
     <span class='ocr_line' id='line_1_36' title="bbox 202 3353 1235 3434; baseline -0.002 -18"><span class='ocrx_word' id='word_1_295' title='bbox 202 3376 299 3416; x_wconf 86' lang='lat' dir='ltr'><strong>rarum</strong></span> <span class='ocrx_word' id='word_1_296' title='bbox 318 3357 406 3415; x_wconf 91' lang='lat' dir='ltr'><strong>lectio</strong></span> <span class='ocrx_word' id='word_1_297' title='bbox 425 3353 619 3414; x_wconf 85' lang='lat' dir='ltr'><strong>admisceatur</strong></span> <span class='ocrx_word' id='word_1_298' title='bbox 631 3353 676 3429; x_wconf 65' lang='grc' dir='ltr'><strong>ο);</strong></span> <span class='ocrx_word' id='word_1_299' title='bbox 695 3356 852 3415; x_wconf 79' lang='lat' dir='ltr'><strong>familiares</strong></span> <span class='ocrx_word' id='word_1_300' title='bbox 870 3375 941 3416; x_wconf 89' lang='lat' dir='ltr'><strong>vero</strong></span> <span class='ocrx_word' id='word_1_301' title='bbox 960 3374 1027 3416; x_wconf 90' lang='lat' dir='ltr'><strong>suos</strong></span> <span class='ocrx_word' id='word_1_302' title='bbox 1044 3355 1235 3434; x_wconf 80' lang='lat' dir='ltr'><strong>unusquisque</strong></span> 
     </span>
     <span class='ocr_line' id='line_1_37' title="bbox 203 3437 1235 3520; baseline 0.001 -21"><span class='ocrx_word' id='word_1_303' title='bbox 203 3442 327 3500; x_wconf 87' lang='lat' dir='ltr'><strong>instruat</strong></span> <span class='ocrx_word' id='word_1_304' title='bbox 344 3450 375 3497; x_wconf 91' lang='lat' dir='ltr'><strong>et</strong></span> <span class='ocrx_word' id='word_1_305' title='bbox 392 3438 519 3512; x_wconf 90' lang='lat' dir='ltr'><strong>erudiat,</strong></span> <span class='ocrx_word' id='word_1_306' title='bbox 546 3458 583 3499; x_wconf 88' lang='lat' dir='ltr'><strong>ne</strong></span> <span class='ocrx_word' id='word_1_307' title='bbox 607 3440 664 3498; x_wconf 92' lang='lat' dir='ltr'><strong>sint</strong></span> <span class='ocrx_word' id='word_1_308' title='bbox 686 3437 790 3512; x_wconf 76' lang='lat' dir='ltr'><strong>rixosi,</strong></span> <span class='ocrx_word' id='word_1_309' title='bbox 817 3442 924 3514; x_wconf 88' lang='lat' dir='ltr'><strong>vinosi,</strong></span> <span class='ocrx_word' id='word_1_310' title='bbox 952 3438 1100 3520; x_wconf 87' lang='lat' dir='ltr'><strong>impudici,</strong></span> <span class='ocrx_word' id='word_1_311' title='bbox 1129 3439 1235 3519; x_wconf 89' lang='lat' dir='ltr'><strong>cupidi,</strong></span> 
     </span>
     <span class='ocr_line' id='line_1_38' title="bbox 204 3522 1236 3604; baseline 0 -20"><span class='ocrx_word' id='word_1_312' title='bbox 204 3525 288 3595; x_wconf 91' lang='lat' dir='ltr'><strong>elati,</strong></span> <span class='ocrx_word' id='word_1_313' title='bbox 315 3523 474 3604; x_wconf 77' lang='lat' dir='ltr'><strong>blasphemi</strong></span> <span class='ocrx_word' id='word_1_314' title='bbox 492 3535 522 3585; x_wconf 90' lang='lat' dir='ltr'><strong>et</strong></span> <span class='ocrx_word' id='word_1_315' title='bbox 538 3524 714 3604; x_wconf 89' lang='lat' dir='ltr'><strong>voluptatum</strong></span> <span class='ocrx_word' id='word_1_316' title='bbox 733 3537 890 3602; x_wconf 82' lang='lat' dir='ltr'><strong>amatores3</strong></span> <span class='ocrx_word' id='word_1_317' title='bbox 908 3522 979 3587; x_wconf 88' lang='lat' dir='ltr'><strong>vitia</strong></span> <span class='ocrx_word' id='word_1_318' title='bbox 996 3523 1107 3586; x_wconf 89' lang='lat' dir='ltr'><strong>demum</strong></span> <span class='ocrx_word' id='word_1_319' title='bbox 1125 3525 1236 3603; x_wconf 78' lang='lat' dir='ltr'><strong>fugiant</strong></span> 
     </span>
     <span class='ocr_line' id='line_1_39' title="bbox 204 3609 1235 3689; baseline 0 -19"><span class='ocrx_word' id='word_1_320' title='bbox 204 3620 236 3670; x_wconf 87' lang='lat' dir='ltr'><strong>et</strong></span> <span class='ocrx_word' id='word_1_321' title='bbox 253 3609 374 3669; x_wconf 86' lang='lat' dir='ltr'><strong>virtutes</strong></span> <span class='ocrx_word' id='word_1_322' title='bbox 397 3610 620 3689; x_wconf 88' lang='lat' dir='ltr'><strong>amplectantur,</strong></span> <span class='ocrx_word' id='word_1_323' title='bbox 648 3611 725 3670; x_wconf 86' lang='lat' dir='ltr'><strong>etin</strong></span> <span class='ocrx_word' id='word_1_324' title='bbox 743 3613 861 3684; x_wconf 88' lang='lat' dir='ltr'><strong>vestitu,</strong></span> <span class='ocrx_word' id='word_1_325' title='bbox 891 3623 921 3672; x_wconf 86' lang='lat' dir='ltr'><strong>ct</strong></span> <span class='ocrx_word' id='word_1_326' title='bbox 938 3613 1030 3683; x_wconf 84' lang='lat' dir='ltr'><strong>cultu,</strong></span> <span class='ocrx_word' id='word_1_327' title='bbox 1057 3620 1089 3670; x_wconf 93' lang='lat' dir='ltr'><strong>et</strong></span> <span class='ocrx_word' id='word_1_328' title='bbox 1106 3611 1235 3670; x_wconf 89' lang='lat' dir='ltr'><strong>omnibus</strong></span> 
     </span>
     <span class='ocr_line' id='line_1_40' title="bbox 205 3695 1235 3775; baseline 0.002 -21"><span class='ocrx_word' id='word_1_329' title='bbox 205 3695 318 3755; x_wconf 87' lang='lat' dir='ltr'><strong>actibus</strong></span> <span class='ocrx_word' id='word_1_330' title='bbox 340 3695 519 3755; x_wconf 88' lang='lat' dir='ltr'><strong>honestatem</strong></span> <span class='ocrx_word' id='word_1_331' title='bbox 542 3714 613 3775; x_wconf 90' lang='lat' dir='ltr'><strong>prae</strong></span> <span class='ocrx_word' id='word_1_332' title='bbox 636 3715 668 3756; x_wconf 89' lang='lat' dir='ltr'><strong>se</strong></span> <span class='ocrx_word' id='word_1_333' title='bbox 686 3697 796 3771; x_wconf 84' lang='lat' dir='ltr'><strong>ierant,</strong></span> <span class='ocrx_word' id='word_1_334' title='bbox 824 3698 899 3759; x_wconf 86' lang='lat' dir='ltr'><strong>siout</strong></span> <span class='ocrx_word' id='word_1_335' title='bbox 916 3696 1003 3758; x_wconf 88' lang='lat' dir='ltr'><strong>decet</strong></span> <span class='ocrx_word' id='word_1_336' title='bbox 1021 3697 1165 3758; x_wconf 91' lang='lat' dir='ltr'><strong>ministros</strong></span> <span class='ocrx_word' id='word_1_337' title='bbox 1183 3697 1235 3756; x_wconf 90' lang='lat' dir='ltr'><strong>mi·</strong></span> 
     </span>
    </p>
   </div>
   <div class='ocr_carea' id='block_1_3' title="bbox 209 3819 423 3836">
    <p class='ocr_par' dir='ltr' id='par_1_3' title="bbox 209 3819 423 3836">
     <span class='ocr_line' id='line_1_41' title="bbox 209 3819 423 3836; baseline -0.019 0"><span class='ocrx_word' id='word_1_338' title='bbox 209 3819 423 3836; x_wconf 42' lang='grc' dir='ltr'><strong>’.ι-</strong></span> 
     </span>
    </p>
   </div>
   <div class='ocr_carea' id='block_1_4' title="bbox 205 3869 1233 4034">
    <p class='ocr_par' dir='ltr' id='par_1_4' title="bbox 205 3869 1233 4034">
     <span class='ocr_line' id='line_1_42' title="bbox 257 3869 1233 3948; baseline 0.001 -28"><span class='ocrx_word' id='word_1_339' title='bbox 257 3873 336 3920; x_wconf 80' lang='lat' dir='ltr'><strong>Suu.</strong></span> <span class='ocrx_word' id='word_1_340' title='bbox 351 3874 384 3919; x_wconf 87' lang='lat'><strong>11.</strong></span> <span class='ocrx_word' id='word_1_341' title='bbox 412 3875 576 3942; x_wconf 48' lang='lat' dir='ltr'><strong>l)l‘rov.1.·l.</strong></span> <span class='ocrx_word' id='word_1_342' title='bbox 587 3873 633 3923; x_wconf 83' lang='lat' dir='ltr'><strong>lx.</strong></span> <span class='ocrx_word' id='word_1_343' title='bbox 643 3881 675 3924; x_wconf 80' lang='lat' dir='ltr'><strong>ll).</strong></span> <span class='ocrx_word' id='word_1_344' title='bbox 695 3880 782 3926; x_wconf 79' lang='lat' dir='ltr'><strong>Psalm.</strong></span> <span class='ocrx_word' id='word_1_345' title='bbox 790 3869 845 3925; x_wconf 66' lang='lat' dir='ltr'><strong>CX.</strong></span> <span class='ocrx_word' id='word_1_346' title='bbox 856 3883 888 3948; x_wconf 68' lang='lat' dir='ltr'><strong>l⁰&#39;</strong></span> <span class='ocrx_word' id='word_1_347' title='bbox 900 3880 991 3924; x_wconf 82' lang='lat' dir='ltr'><strong>Ecclar.</strong></span> <span class='ocrx_word' id='word_1_348' title='bbox 1001 3880 1022 3924; x_wconf 91' lang='lat'><strong>1.</strong></span> <span class='ocrx_word' id='word_1_349' title='bbox 1032 3881 1058 3924; x_wconf 69' lang='lat'><strong>1⁸</strong></span> <span class='ocrx_word' id='word_1_350' title='bbox 1074 3903 1101 3913; x_wconf 97' lang='lat'>—</span> <span class='ocrx_word' id='word_1_351' title='bbox 1109 3883 1131 3934; x_wconf 78' lang='lat'><strong>2)</strong></span> <span class='ocrx_word' id='word_1_352' title='bbox 1142 3878 1194 3923; x_wconf 80' lang='lat' dir='ltr'><strong>(iel.</strong></span> <span class='ocrx_word' id='word_1_353' title='bbox 1205 3879 1233 3922; x_wconf 85' lang='lat' dir='ltr'><strong>V.</strong></span> 
     </span>
     <span class='ocr_line' id='line_1_43' title="bbox 205 3925 1233 4034; baseline 0.005 -66"><span class='ocrx_word' id='word_1_354' title='bbox 205 3927 374 4034; x_wconf 48' lang='grc' dir='ltr'><strong>116.ιῇιᾶἒῶ</strong></span> <span class='ocrx_word' id='word_1_355' title='bbox 377 3925 454 4022; x_wconf 41' lang='grc' dir='ltr'><strong>,Ἢ</strong></span> <span class='ocrx_word' id='word_1_356' title='bbox 458 3927 582 4031; x_wconf 35' lang='lat' dir='ltr'><strong>phashur.</strong></span> <span class='ocrx_word' id='word_1_357' title='bbox 592 3929 625 3974; x_wconf 89' lang='lat'><strong>11.</strong></span> <span class='ocrx_word' id='word_1_358' title='bbox 637 3934 655 3974; x_wconf 89' lang='lat' dir='ltr'><strong>t.</strong></span> <span class='ocrx_word' id='word_1_359' title='bbox 666 3945 724 3988; x_wconf 78' lang='lat' dir='ltr'><strong>seqq</strong></span> <span class='ocrx_word' id='word_1_360' title='bbox 741 3957 767 3968; x_wconf 91' lang='lat'>-</span> <span class='ocrx_word' id='word_1_361' title='bbox 775 3937 798 3989; x_wconf 80' lang='lat' dir='ltr'><strong>t)</strong></span> <span class='ocrx_word' id='word_1_362' title='bbox 813 3933 952 4024; x_wconf 62' lang='lat' dir='ltr'><strong>¹T&#39;³·,¹“·</strong></span> <span class='ocrx_word' id='word_1_363' title='bbox 962 3935 1050 4010; x_wconf 66' lang='lat' dir='ltr'><strong>taeqq.</strong></span> <span class='ocrx_word' id='word_1_364' title='bbox 1060 3955 1086 3966; x_wconf 95' lang='lat'><em>-</em></span> <span class='ocrx_word' id='word_1_365' title='bbox 1094 3933 1119 3986; x_wconf 78' lang='lat' dir='ltr'><strong>t)</strong></span> <span class='ocrx_word' id='word_1_366' title='bbox 1129 3945 1149 3976; x_wconf 90' lang='lat' dir='ltr'><strong>c.</strong></span> <span class='ocrx_word' id='word_1_367' title='bbox 1161 3937 1192 3975; x_wconf 82' lang='lat' dir='ltr'><strong>u.</strong></span> <span class='ocrx_word' id='word_1_368' title='bbox 1204 3931 1233 3974; x_wconf 85' lang='lat' dir='ltr'><strong>D.</strong></span> 
     </span>
    </p>
   </div>
   <div class='ocr_carea' id='block_1_5' title="bbox 0 0 1335 4324">
    <p class='ocr_par' dir='ltr' id='par_1_5' title="bbox 0 0 1335 4324">
     <span class='ocr_line' id='line_1_44' title="bbox 0 0 1335 4324; baseline 0 0"><span class='ocrx_word' id='word_1_369' title='bbox 0 0 1335 4324; x_wconf 95' lang='lat' dir='ltr'><strong> </strong></span> 
     </span>
    </p>
   </div>
  </div>
 </body>
</html>
