2648 4336
220 233 300 294 m
428 228 559 286 DAMN.
576 227 887 284 ERRORPASGH.
906 226 1051 292 QUESN.

220 373 339 435 storalls
358 391 414 434 uon
433 372 524 431 minas
542 387 629 430 curae
651 376 768 428 nostrae
789 367 922 439 sumatis,
946 385 1028 446 quam
1049 365 1245 448 frequentibus

223 456 404 520 orthodoxae
420 455 486 516 utet
500 455 658 516 zelatorum
677 453 812 532 querelis,
831 455 952 514 maxime
970 472 1039 512 vcro
1060 455 1243 533 complurium

222 543 430 606 venerabilium
448 542 586 612 bamam,
601 540 774 620 prnesertin
790 537 903 600 Galliae
921 539 1138 619 episcoporum,
1157 539 1243 598 literis

227 650 262 690 ac
288 628 422 709 precibus
449 626 585 698 excitati,
610 625 744 703 gliscenti
769 623 883 696 morbo,
907 624 955 702 qui
981 625 1067 684 etiam
1094 624 1242 704 aliqnando

225 725 324 796 posset
340 714 370 773 in
389 711 537 773 alacriora
556 727 686 790 quaeque
702 727 858 790 proniore,
880 706 1013 772 validiori
1035 709 1133 790 aliqeo
1156 729 1243 770 rome·
1308 774 1312 794 ,ἵ

84 811 96 822 ‘
222 801 275 860 olio
292 799 405 859 obviam
423 798 467 858 ire
483 795 675 858 umatus.
1308 802 1312 811 ·

311 884 349 944 Et
375 881 487 964 qnidam
514 880 551 941 ad
576 883 666 960 ipsann
692 879 851 958 ingruentis
876 879 943 940 mali
970 899 1082 940 cousann
1110 878 1241 959 provideo
1310 923 1313 952 ,

226 980 348 1030 nostrae
368 965 608 1029 considerationis
629 967 759 1026 mestun
782 973 998 1036 convertentes,
1021 967 1175 1045 perspicue
1196 985 1241 1024 no·

226 1057 316 1114 vinnm
328 1072 464 1114 summanr
476 1049 637 1111 huiusmodi
651 1050 887 1130 libripecnicioun
901 1049 968 1111 ideo
986 1051 1164 1129 potissimum
1181 1069 1241 1130 pro·

224 1138 311 1218 gredi
329 1149 360 1198 et
377 1138 567 1208 invalescere,
594 1134 671 1217 quod
694 1134 794 1196 eaden
815 1136 891 1196 latus
914 1135 1016 1206 lateat,
1041 1147 1075 1196 ct
1095 1136 1175 1198 velut
1196 1137 1241 1194 im·
1312 1201 1313 1206 ἵ

225 1223 320 1304 proba
337 1225 431 1284 sanies
449 1241 506 1282 nou
523 1223 579 1282 nisi
596 1231 678 1282 secto
697 1221 795 1282 cicere
813 1221 893 1282 lem
909 1231 1052 1301 erumpat,
1072 1241 1158 1301 quum
1175 1221 1241 1280 liber
1312 1233 1313 1236 ’

225 1312 290 1389 ipss
311 1311 403 1389 primo
426 1319 544 1388 aspecta
568 1307 699 1386 legentes
721 1307 819 1385 speeie
842 1304 961 1386 quadam
985 1307 1104 1388 pietatis
1132 1306 1238 1377 titiam

225 1395 331 1454 molliti
356 1395 432 1454 onim
457 1403 523 1453 sunt
540 1409 687 1452 sermones
708 1393 772 1452 eius
789 1409 876 1471 saper
893 1392 996 1463 oleant,
1024 1390 1076 1452 sed
1102 1393 1157 1471 ipsi
1184 1401 1240 1452 suut

225 1479 336 1552 iacula,
364 1477 529 1559 etquidem
552 1478 663 1538 intente
685 1495 755 1537 areu
778 1477 818 1536 ita
839 1475 876 1538 ad
899 1475 1057 1538 nocendam
1080 1489 1190 1556 parata,
1214 1487 1240 1536 ut
1312 1557 1313 1560 Ἴ

224 1567 367 1644 sagittent
383 1565 412 1625 in
430 1565 554 1624 obscuro
572 1573 670 1622 rectos
688 1560 789 1622 corde.
832 1561 912 1622 Nihil
934 1573 1088 1642 propterca
1111 1573 1241 1642 opportu-

227 1652 291 1710 nius
317 1661 368 1712 nat
392 1649 533 1710 salubrius
551 1648 691 1727 praestari
722 1667 740 1707 a
765 1646 848 1708 nobis
874 1667 959 1726 posse
985 1647 1118 1708 arbitrati
1144 1667 1240 1718 sumus,

228 1755 312 1813 quam
329 1737 355 1794 si
372 1735 504 1795 fallacem
523 1734 589 1794 libri
607 1732 775 1805 doctrinan,
789 1734 947 1811 generatim
965 1732 1144 1796 solummodo
1161 1754 1179 1795 a
1196 1753 1242 1792 no-

227 1821 272 1880 bis
291 1820 429 1880 hactonus
447 1819 615 1890 iudicatam,
642 1818 769 1897 pluribus
795 1817 957 1897 singulatim
984 1839 1022 1880 ex
1044 1839 1080 1880 eo
1102 1820 1242 1898 excerptis

225 1906 473 1986 propositionibus
500 1904 661 1964 distinctius
691 1914 722 1964 et
751 1905 877 1983 apertius
907 1904 1132 1984 explicaremus,
1164 1914 1242 1983 atque

227 1991 368 2051 universis
391 1991 497 2052 Christi
525 1989 655 2051 lidolibus
682 1990 768 2049 noxia
789 1990 964 2050 zinaniorum
986 1992 1094 2052 semina
1117 1989 1241 2050 emedio

193 2072 741 2239 'fftetltttltttu‘ttt
756 2075 1243 2241 t¹ttttt¹tttt⁰ttttt
1313 2181 1315 2190 a

228 2245 341 2325 quidem
367 2257 417 2306 aut
442 2247 548 2317 altero,
576 2244 627 2305 sed
653 2247 780 2324 plurimis
807 2246 1034 2326 gravissimisque
1058 2257 1115 2306 tum
1139 2247 1243 2327 pridem

228 2330 369 2391 damnatis
386 2343 444 2392 tum
462 2333 547 2392 etiann
569 2348 643 2390 nove
662 2330 824 2392 adinventis
840 2331 1000 2403 erroribus,
1023 2333 1108 2411 plano
1128 2332 1243 2394 conlidi-

229 2437 298 2490 mus,
316 2414 507 2476 benedicente
526 2416 648 2476 Domino
666 2421 740 2486 tore,
759 2426 790 2475 ut
808 2435 905 2476 omues
924 2415 1037 2477 tandem
1055 2428 1175 2497 apertae
1193 2427 1244 2478 tam

229 2501 454 2580 manifestaeque
472 2501 588 2560 veritati
607 2497 712 2560 cedere
732 2501 948 2579 compellantur.

172 2599 214 2642 aot
312 2583 345 2644 ld
371 2586 461 2664 ipsum
487 2586 609 2645 mammo
635 2603 652 2644 c
679 2603 712 2644 re
739 2585 882 2646 catholica
904 2589 1037 2660 laturum,
1064 2599 1096 2649 et
1112 2587 1244 2649 sedandis

160 2684 166 2692 ·
226 2672 396 2749 praesertim
419 2672 447 2729 in
469 2670 670 2730 florentissimo
693 2669 803 2730 Galliac
827 2691 917 2751 reguo
940 2675 1049 2734 exortis
1066 2675 1244 2753 ingeniorum

223 2757 306 2816 varie
329 2757 520 2836 opinantium,
545 2758 657 2835 iamque
679 2757 709 2816 in
735 2757 902 2818 acerbiores
924 2759 1062 2822 scissuras
1084 2758 1244 2838 proceden·

224 2842 295 2902 dam
309 2840 433 2906 dissidiis
448 2843 575 2922 apprimo
589 2841 756 2921 proficuum,
776 2844 1015 2904 conscientiarum
1030 2843 1154 2924 donique
1168 2855 1244 2904 tran
1314 2899 1315 2906 ,

222 2929 360 3007 quillitatl
374 2928 497 3008 perutile
512 2939 542 2988 ct
555 2925 758 3008 propemodum
768 2930 972 3002 necessarium,
990 2950 1047 2990 uon
1060 2929 1148 2990 modo
1162 2949 1246 3010 prae·

223 3015 277 3073 lati
295 3016 435 3094 episcopi,
453 3013 505 3074 sed
522 3024 553 3073 et
570 3015 630 3093 ipse
649 3015 677 3072 iu
695 3013 793 3090 primis
812 3015 973 3075 carissimus
991 3017 1019 3076 iu
1038 3015 1154 3076 Christo
1172 3016 1245 3076 lilius

224 3108 325 3158 noster
342 3097 504 3160 Ludovicus
523 3098 695 3159 Francorum
718 3117 771 3159 res
793 3098 1063 3172 christianissimus,
1085 3103 1168 3160 onius
1186 3103 1246 3164 cxi·

222 3184 309 3242 mium
327 3185 356 3242 in
374 3183 481 3244 tuenda
499 3185 660 3245 catholicae
679 3181 747 3244 fidei
764 3185 888 3263 puritate
902 3186 1150 3266 exstirpandisque
1164 3205 1246 3248 erro·

221 3268 303 3328 aibas
329 3269 421 3330 selum
448 3271 518 3329 satis
544 3268 661 3329 laudare
689 3289 745 3329 uon
772 3289 933 3349 possumus,
959 3273 1074 3352 saepius
1101 3272 1184 3332 uobis
1203 3282 1246 3332 est

54 3423 59 3431 ,
221 3364 413 3426 contestatus,
440 3355 571 3433 repetitis
597 3364 753 3434 propterea
777 3373 848 3417 vcro
875 3358 929 3435 piis
956 3369 986 3418 et
1003 3356 1245 3418 Christianissiutc
1313 3377 1314 3390 ¹

99 3437 108 3458 ¹
219 3457 295 3517 rege
312 3438 407 3517 dignis
424 3439 539 3508 officiis,
561 3449 647 3518 atque
664 3438 921 3520 ardentibusvotis
939 3462 956 3502 a
975 3443 1057 3504 nobis
1074 3443 1244 3521 effingens

222 3533 255 3581 nt
272 3525 388 3583 instanti
407 3525 562 3583 animarum
580 3525 747 3584 necessitati
770 3527 883 3605 prolate
904 3530 1073 3606 quantocius
1090 3527 1243 3607 apostolici

121 3617 127 3640 t
220 3623 346 3666 censura
362 3606 462 3668 indicti
481 3609 704 3670 consuleremus.

309 3691 382 3752 llinc
408 3692 571 3772 adspirante
598 3693 736 3767 Domino,
762 3698 879 3776 eiusque
906 3698 1027 3760 coelesti
1049 3716 1105 3778 opo
1132 3697 1242 3765 conlisi,

112 3833 117 3840 ,
221 3775 347 3834 salutaro
367 3796 437 3855 opas
455 3776 555 3838 sedulo
577 3778 802 3860 diligenterque,
825 3784 917 3843 atrei
935 3782 1098 3864 magnitudo
1117 3782 1243 3864 postula·

222 3857 282 3932 bat,
302 3862 433 3938 aggressi
451 3881 558 3938 sumus,
585 3885 620 3926 ae
648 3867 784 3944 plurimas
812 3886 849 3928 cx
875 3867 1025 3949 praedicto
1053 3869 1138 3941 libro,
1166 3869 1243 3927 iusta
