2648 4336
199 296 277 360 aaa
499 281 918 376 nama.snn.r1snoa.

200 433 323 507 eandae3
352 430 581 514 expendendum,
608 442 716 504 utrum,
742 429 818 511 quod
835 427 871 489 ad
888 431 965 508 ipsas
986 429 1101 516 attinet,
1125 431 1216 490 satius

199 523 275 579 foret
292 519 492 578 monasterium
509 519 537 577 in
556 518 671 576 civitate
690 515 846 594 relinqui“=
868 515 1001 592 Spstann
1018 511 1146 592 &eatis
1168 525 1219 582 ατη

95 615 100 624 ’
199 625 255 684 qne
271 608 329 664 iam
348 606 510 682 onn'qaitns
524 601 671 680 probatae
689 620 725 660 oe
741 609 880 678 receptae
898 598 1072 677 disctpltitae
1093 599 1216 662 sudam-

167 693 301 768 ‚sionam
322 690 532 767 perniciosam,
559 685 815 746 eonste'tntaonibas
837 684 1006 762 apostolocis
1032 692 1064 744 et
1083 685 1217 761 pluralem

98 787 103 794 “
198 775 389 834 conciliorum
407 772 495 832 etiam
510 770 667 849 generalia
699 765 785 840 ,aem
798 769 957 847 speciatim
968 769 1138 828 Tridentini
1146 789 1218 828 aaa·

198 857 344 918 ctionr'dns
366 856 527 934 oppositam
550 865 581 914 et
600 855 787 924 im'anoaam,
806 849 918 930 foueas
939 853 1158 916 toeretteorem
1184 857 1216 916 ia

101 935 105 945 ’
157 997 162 1008 ,
197 945 360 1002 morosam
381 950 449 1000 vota
473 949 503 998 et
523 941 678 1017 regularia
698 939 835 1000 instituta
856 936 1008 999 stabiliori
1026 939 1218 998 consiliorum

100 1061 107 1069 ·
199 1028 435 1104 evangelicorum
451 1021 635 1102 professioni
649 1025 769 1083 oddr‘eto
787 1023 927 1082 conuiciis
944 1022 1155 1084 steatomatis.

144 1199 186 1243 rea
370 1175 417 1234 De
440 1176 610 1234 nationali
634 1175 783 1234 coneilio
807 1170 1040 1234 convocando.

388 1276 477 1325 Le‘deil.
485 1289 587 1324 monor.
593 1291 643 1340 pro
652 1291 753 1326 ooaaoo.
759 1277 848 1326 conat.
858 1279 957 1324 natica.
965 1270 991 1341 §.
1001 1279 1024 1324 1.

248 1385 250 1392 ’
274 1358 425 1422 LXXXV.
451 1360 613 1439 Propositio
636 1363 805 1432 enuncians,
827 1361 1049 1438 qualemcunque
1073 1359 1221 1436 cognitio-

197 1466 261 1506 nem
279 1447 503 1509 eeclesiasticam
523 1445 660 1504 historiae
674 1444 818 1520 sufficere,
837 1454 868 1503 ut
881 1444 966 1504 fateri
980 1445 1098 1522 quisque
1112 1441 1221 1504 debeat

199 1532 433 1591 convocationem
452 1530 568 1589 concilii
585 1529 738 1590 nationalis
755 1549 838 1588 unam
857 1539 920 1587 esse
939 1548 976 1588 ex
991 1529 1045 1588 viis
1059 1529 1220 1602 mannisis,

197 1635 252 1695 qua
270 1617 403 1675 finiantur
419 1616 448 1674 in
466 1615 595 1674 ecclesia·
609 1615 829 1692 respectivarum
845 1615 988 1674 nationum
1002 1615 1219 1672 controversiae

197 1711 360 1778 spectantes
378 1697 415 1757 ad
433 1700 615 1776 religionem,
637 1699 740 1757 -sio
763 1698 924 1769 intellecta,
946 1707 978 1756 ut
1000 1699 1219 1757 controversiae
1312 1771 1313 1780 ἵ

126 1795 127 1802 ’
196 1783 233 1843 ad
253 1783 335 1842 fidem
354 1793 384 1843 et
401 1802 495 1842 mores
512 1794 685 1861 spectantes,
704 1785 732 1841 in
750 1783 876 1842 ecclesia
889 1799 1055 1861 quacunque
1069 1781 1220 1853 subortae,

198 1887 250 1946 per
276 1867 419 1928 nationale
448 1865 598 1926 concilium
625 1866 818 1944 irrefragabili
848 1865 955 1926 indicio
987 1867 1062 1926 liniri
1091 1867 1219 1937 valeant,

141 1953 145 1961 ’
198 1953 277 2031 quasi
296 1954 451 2012 inerrantia
468 1954 497 2010 in
514 1951 582 2011 lidei
601 1963 630 2010 et
647 1971 754 2010 morum
769 1951 980 2030 quaestionibus
993 1952 1133 2011 nationali
1148 1970 1222 2012 con·

197 2037 265 2096 cilio
284 2047 476 2116 competeret:
495 2037 703 2108 Sedt'smotica,
723 2037 886 2094 haeretico.

281 2120 447 2180 Mandamns
466 2123 554 2198 igitur
568 2121 695 2179 omnibus
709 2123 853 2198 utriusque
868 2138 952 2179 sexus
967 2119 1219 2191 Christifidelibus,

197 2226 232 2264 ne
251 2203 287 2264 de
305 2205 389 2264 dictis
406 2205 647 2284 propositionibus
666 2217 695 2264 et
710 2204 847 2264 doctrinis
860 2206 977 2276 sentire,
996 2203 1114 2274 docere,
1132 2224 1220 2283 prae·

197 2289 296 2348 dicare
318 2301 503 2367 praesumant
526 2301 627 2349 contra
650 2309 730 2368 quam
753 2291 781 2348 in
804 2289 858 2347 hae
886 2298 984 2348 nostra
1012 2291 1218 2350 constitutione

197 2373 375 2444 declaratur,
398 2376 439 2432 ita
456 2384 488 2432 ut
505 2375 662 2452 quicunque
681 2375 744 2434 illas
766 2374 811 2433 vel
834 2391 929 2432 earnm
952 2373 1074 2451 aliquam
1098 2375 1217 2432 coniun-

197 2461 264 2517 ctim
278 2459 324 2517 vel
338 2457 448 2516 divisim
462 2457 603 2528 docuerit,
619 2456 788 2528 defenderit,
808 2455 931 2516 ediderit
948 2467 997 2516 ant
1014 2456 1050 2515 do
1070 2459 1113 2516 eis
1131 2459 1218 2518 etiam

196 2540 365 2619 disputando
384 2540 499 2618 publice
519 2541 563 2600 vel
586 2542 714 2620 privatim
739 2543 919 2612 tractaverit,
944 2542 998 2599 nisi
1021 2542 1143 2602 forsitan
1166 2545 1218 2602 im·
1314 2561 1315 2604 t

196 2623 363 2704 pugnando,
387 2624 592 2684 ecclesiasticis
616 2627 743 2704 censuris
766 2627 884 2703 aliisque
908 2635 1009 2684 eontra
1026 2626 1130 2685 similia
1152 2645 1217 2705 per-

195 2719 342 2788 petrantes
360 2728 377 2766 a
395 2711 456 2767 iure
478 2711 590 2768 statutis
608 2711 709 2789 poenis
727 2711 789 2789 ipso
808 2711 886 2768 lacto
909 2709 1015 2788 absque
1038 2710 1095 2770 alia
1118 2709 1217 2770 decla-

194 2797 307 2853 ratione
325 2794 480 2852 suhiaceat.
553 2795 561 2799 ’
1139 2839 1141 2843 .

280 2879 413 2938 Ceterum
431 2879 573 2956 perhanc
592 2898 755 2956 expressam
777 2880 968 2957 praelatarum
991 2881 1215 2958 propositionum

195 2976 226 3024 et
247 2962 441 3023 doctrinarum
464 2962 694 3042 reprobationem
717 2964 773 3021 alia
796 2965 823 3020 in
847 2964 949 3024 eodem
977 2964 1051 3023 libro
1080 2973 1216 3023 contenta

195 3048 353 3106 nullatenus
372 3047 532 3126 approbare
550 3047 728 3118 intendimus,
748 3067 830 3126 quum
848 3050 1016 3126 praesertim
1034 3049 1063 3106 in
1081 3066 1118 3107 eo
1138 3069 1215 3108 com-

193 3132 290 3210 plures
312 3131 509 3210 deprehensae
536 3133 642 3191 luerint
668 3133 936 3210 propositioneset
962 3131 1139 3204 doctrinae,
1155 3135 1214 3192 sive

102 3229 113 3244 '
194 3215 265 3287 illis,
286 3233 358 3293 quae
376 3235 461 3294 snpra
480 3215 629 3274 damnatae
648 3227 725 3287 snut,
750 3216 863 3286 affines,
887 3217 947 3275 sive
966 3235 1038 3295 quae
1056 3212 1213 3276 eommunis

194 3319 228 3359 ac
247 3299 385 3378 probatae
405 3320 467 3359 eum
486 3299 634 3360 doctrinan
653 3311 682 3360 et
699 3299 866 3378 disciplinae
884 3302 1065 3374 temerarium
1084 3311 1215 3360 contem-

193 3394 280 3461 ptum,
300 3395 356 3443 tum
375 3386 495 3443 maxime
514 3385 652 3444 infensum
670 3385 698 3442 in
717 3383 859 3443 Romanos
877 3383 1031 3444 Pontifices
1050 3394 1080 3444 et
1097 3394 1213 3463 aposto·

193 3467 280 3526 licam
299 3467 396 3528 sedem
415 3470 534 3528 animum
552 3488 620 3547 prae
638 3487 671 3528 se
688 3469 792 3526 ferunt.

277 3550 341 3610 Duo
363 3571 432 3611 vero
455 3555 604 3631 speciatim
626 3551 751 3612 nomnda
773 3571 935 3625 censemus,
959 3573 1030 3632 quae
1060 3551 1096 3612 de
1125 3572 1213 3630 augu-

193 3636 316 3694 stissimo
335 3638 529 3697 sanctissimae
542 3637 690 3696 Trinitatis
708 3639 844 3716 mysterio
863 3633 891 3718 ξ.
911 3643 940 3702 2.
954 3637 1072 3699 Decreti
1091 3635 1127 3696 de
1147 3635 1211 3707 fido,

193 3720 217 3777 si
241 3737 296 3775 non
319 3737 406 3796 pravo
430 3723 536 3792 animo,
564 3721 768 3800 imprudentius
791 3731 870 3780 certe
893 3720 1004 3801 synodo
1032 3721 1210 3792 exciderunt,

140 3819 180 3859 aaa
195 3818 266 3878 quae
284 3801 370 3859 facile
388 3801 474 3860 rudes
492 3807 658 3880 praesertim
678 3817 708 3864 et
724 3807 854 3866 incautos
872 3807 901 3866 ia
916 3806 1045 3866 fraudem
1063 3807 1211 3884 impellere

192 3883 317 3942 valeant.
363 3882 499 3955 Primum,
524 3886 603 3961 dum,
627 3900 811 3968 posteaquam
834 3893 888 3950 rite
910 3892 1057 3969 praemisit
1074 3890 1164 3950 Deum
1183 3892 1212 3948 in
