2654 4334
387 270 531 325 Morus
558 271 705 326 PROPll
733 270 790 326 Pll
817 271 864 328 lv.
1062 271 1138 334 Μ

99 435 165 476 nec
193 433 251 473 uon
272 411 423 473 Vitellotio
448 409 478 472 S.
501 411 612 473 blaciae
634 413 663 472 in
685 414 799 494 porticu
820 411 939 475 Vitellio
967 418 1135 497 nuncupatis

100 501 273 572 titulorum,
301 498 439 570 diacono,
468 496 660 559 cardinalibus
687 499 886 560 committimus
908 510 938 561 et
961 501 1132 577 mandamus,

97 595 250 665 quatenus
267 586 335 664 ipsi,
363 603 413 644 seu
432 594 531 644 corula
550 579 642 645 maior
659 603 735 664 pars,
755 586 927 646 coniunctim
947 587 993 648 vel
1012 586 1131 662 divisim,

98 692 208 732 eorum
222 671 353 744 arbitrio,
372 670 457 730 etiam
475 681 606 750 unquam
621 682 807 730 exsecutores
821 668 960 732 dictarum
976 673 1131 747 literarum,

98 757 343 818 constitutionum
363 765 393 815 et
410 753 591 816 decretorum
614 754 843 836 praedictorum,
867 759 1088 819 constitutiones
1107 771 1137 819 et

93 843 306 902 ordinationes
323 861 358 901 ac
378 839 496 902 decreta
510 842 650 921 praelata,
668 842 748 902 iuxta
764 851 882 903 tenores
899 861 999 904 corum
1017 863 1051 906 ac
1071 846 1136 905 lite-

97 947 203 988 rarum
222 926 348 1008 desuper
369 927 579 999 confectarum,
603 947 657 1007 per
679 947 862 1008 quoscunque
884 931 1134 1009 poenitentiariae‚

96 1015 235 1074 vicariae
258 1023 289 1074 ct
311 1031 443 1073 camerae
466 1031 502 1073 ac
525 1013 705 1074 tribunalium
731 1013 946 1093 praedictorum
973 1014 1084 1076 iudices
1107 1027 1136 1076 ct

96 1100 254 1170 officiales,
273 1099 325 1159 sub
339 1099 642 1159 excommunicationis
657 1099 733 1160 latae
747 1101 907 1160 sententiae
923 1121 958 1162 ae
967 1103 1135 1180 privationis

94 1185 280 1256 officiorum,
304 1196 334 1244 et
351 1183 416 1244 aliis
433 1183 542 1245 eisdem
561 1182 753 1245 cardinalibus
771 1183 845 1245 bene
868 1187 951 1258 visis,
974 1187 1060 1246 etiam
1083 1207 1135 1267 pe·

94 1273 253 1330 curiarum
269 1290 305 1329 eo
319 1271 382 1349 ipso
397 1268 576 1330 incurrendis
590 1272 701 1349 poenis,
720 1270 842 1331 firmiter
859 1271 1007 1333 observari
1025 1274 1135 1333 faciant

94 1367 131 1414 et
151 1376 218 1414 cum
237 1355 343 1416 effectu
373 1357 441 1431 (nisi
460 1365 516 1416 tam
535 1357 564 1414 in
582 1357 769 1416 exsecutione
788 1355 930 1416 dictorum
950 1357 1134 1418 decretorum

95 1442 236 1512 concilii,
259 1461 341 1520 quam
360 1439 499 1502 dictarum
518 1441 663 1502 literarum
687 1452 861 1515 nostrarum,
884 1441 979 1522 aliqua
1003 1442 1133 1504 dubietas

96 1538 152 1586 aut
177 1525 327 1586 difficultas
349 1528 515 1597 emerserit,
538 1547 594 1605 quo
613 1547 681 1588 casu
700 1526 736 1586 ad
755 1547 807 1587 nos
826 1529 977 1605 referant),
997 1531 1132 1589 invocato
1177 1576 1183 1608 ·.

94 1615 190 1672 etiarn
204 1611 240 1671 ad
254 1613 320 1684 hoc,
339 1614 364 1672 si
379 1631 450 1691 opus
464 1613 560 1684 luerit,
579 1614 687 1672 auxilio
705 1612 816 1672 brachii
834 1614 1000 1684 saecularis,
1020 1633 1055 1673 ac
1069 1634 1131 1687 eos,

94 1701 148 1777 qui
179 1698 271 1758 literis
294 1709 325 1757 et
351 1696 477 1757 decretis
503 1697 674 1778 praedictis,
704 1709 734 1756 et
760 1696 916 1758 eorundem
945 1697 1131 1760 cardinalium

95 1782 242 1843 mandatis
266 1805 321 1843 nou
345 1785 506 1862 paruerint,
530 1803 567 1844 ex
589 1803 678 1854 nuuc,
701 1793 787 1862 prout
805 1801 843 1842 ex
859 1781 960 1844 eadem
979 1783 1041 1856 die,
1066 1796 1131 1846 ote

95 1880 216 1941 contra,
234 1869 347 1929 illorum
362 1869 463 1930 officiis
477 1870 613 1947 privatos,
632 1887 687 1928 nec
702 1887 759 1926 uon
773 1866 810 1928 ad
820 1869 868 1930 illa
878 1870 974 1928 etalio
985 1869 1130 1930 Romanae

93 1957 200 2016 curiae
211 1953 303 2015 officia
313 1957 342 2015 iu
352 1965 497 2034 posterum
508 1952 664 2015 obtinenda
678 1953 827 2025 inhabiles,
846 1975 881 2014 ac
896 1955 966 2033 ipsis
975 1954 1011 2017 ab
1022 1955 1130 2018 eisdem

94 2041 202 2100 officiis
223 2042 267 2100 sic
289 2042 421 2120 privatis,
449 2041 499 2100 illa
521 2051 653 2120 tauquam
675 2058 728 2118 per
750 2039 938 2118 privationem
961 2042 1130 2102 vacantiaa

94 2125 214 2186 datario
232 2137 332 2186 nostro
350 2125 445 2198 vendi,
465 2137 496 2186 et
513 2146 530 2184 a
549 2126 691 2205 quibusvis
708 2127 842 2205 personis
860 2124 973 2186 idoneis
990 2145 1043 2206 pro
1061 2146 1129 2206 pre-

94 2213 139 2270 tio
165 2213 348 2272 convenienti
370 2213 426 2272 omi
448 2212 540 2273 libere
563 2223 593 2272 et
615 2213 694 2272 licite
722 2231 806 2290 posse
833 2213 1007 2272 auctoritate
1030 2224 1129 2274 nostra

96 2309 216 2370 curent,
236 2299 389 2370 'nuncient,
417 2297 575 2358 decernant
597 2317 632 2359 ac
655 2296 818 2370 declarent,
845 2308 932 2377 prout
953 2318 1006 2358 nos
1028 2299 1128 2360 barnan

93 2383 175 2443 serie
199 2385 379 2455 nunciamus,
403 2382 584 2444 decernimus
602 2394 633 2444 et
651 2382 844 2457 declaramus;
868 2403 925 2442 non
947 2383 1127 2444 obstantibus
1140 2409 1179 2448 cao
1214 2403 1217 2408 '

94 2468 243 2548 quibusvis
258 2469 508 2530 constitutionibus
522 2480 553 2530 et
566 2468 793 2532 ordinationibus
807 2469 983 2549 apostolicis,
1003 2489 1038 2529 ac
1055 2489 1127 2549 poe-

94 2557 298 2628 nitentiarius,
322 2566 353 2615 ct
370 2556 526 2626 curiarum,
554 2575 608 2616 nec
632 2575 688 2614 uon
713 2555 893 2616 tribunalium
912 2553 1126 2635 praedictorum

93 2642 210 2702 statutis
224 2651 292 2715 etc,
310 2643 396 2701 etiam
415 2642 576 2705 iuramento
584 2651 641 2702 etc.
657 2641 810 2714 roboratis,
830 2642 988 2720 privilegiis
1003 2661 1125 2721 quoque,

93 2726 215 2787 indultis
233 2737 264 2787 et
281 2728 373 2788 literis
391 2726 578 2806 apostolicis,
596 2727 652 2785 illis
675 2745 709 2786 ac
733 2725 819 2786 dictis
838 2726 1006 2787 officialibus
1025 2736 1056 2786 et
1073 2728 1126 2788 tri·

93 2812 247 2874 bucalibus
269 2812 321 2872 sub
344 2814 556 2893 quibuscunque
576 2811 723 2870 tenoribus
741 2822 772 2870 et
789 2813 903 2883 formis,
927 2831 962 2872 ac
980 2831 1044 2870 cum
1064 2815 1125 2890 qui·

91 2897 190 2959 busvis
206 2899 339 2960 clausulis
353 2909 383 2958 et
397 2897 532 2971 decretis,
551 2898 637 2958 ctiam
651 2907 730 2955 motu
744 2897 827 2956 simili
842 2896 953 2956 etalias
967 2895 1125 2976 quomodo·

94 3003 208 3064 cnuque
233 2986 394 3056 concessis,
414 2995 470 3045 etc.
521 2982 628 3058 Quibus
652 2981 780 3042 omnibus
799 2992 856 3042 etc.
875 2982 988 3042 illorum
1006 2991 1124 3042 wnorcs

93 3081 152 3130 etc.
173 3071 229 3130 bac
244 3070 308 3131 vice
324 3070 460 3130 latissime
475 3067 655 3149 derogamus,
675 3087 793 3146 eamque
812 3066 949 3128 adversus
967 3069 1124 3146 praemissa

91 3156 255 3216 nullatenus
264 3155 415 3234 suffragari
425 3157 561 3228 volumus,
570 3156 730 3234 ceterisque
738 3155 890 3215 contrariis
899 3154 1122 3234 quibuscunque.

440 3278 530 3325 Placet
548 3279 619 3324 Motu
637 3277 745 3336 Proprio
755 3279 774 3326 1.

178 3360 243 3505 [grat.
263 3359 370 3421 Romae
394 3361 469 3442 apud
487 3361 622 3420 Sanctum
641 3359 778 3432 Marcum,
799 3359 849 3420 lv.
869 3357 969 3419 Nonas
987 3360 1120 3438 Augusti,

89 3465 165 3505 anuo
213 3489 220 3505 .

498 3611 707 3620 W.-

140 4023 230 4070 CONO.
250 4024 406 4070 TttlnttNT.
