2654 4330
249 291 416 350 sessio
444 287 546 348 xxtu.
582 291 643 348 ltu
668 291 942 352 REFORMAT.
1036 295 1118 357 m

89 440 130 518 qui
148 437 234 516 gregi
253 455 306 496 suo
324 454 382 494 non
399 436 550 515 invigilant
567 455 659 518 aeque
678 439 828 508 assistunt,
847 435 899 496 sed
917 439 1113 498 mercenario·

87 535 143 583 rum
165 539 248 582 more
274 519 411 582 deserunt
419 523 464 597 1)=
496 531 682 582 sacrosancta
704 520 830 603 synodus
853 541 904 584 eos
927 521 1063 584 admonet
1083 535 1116 586 et

87 610 225 681 hortatur,
245 617 279 666 ut
295 606 454 668 divinorum
472 618 693 689 praeceptorum
716 627 858 669 memores
876 608 1003 688 factique
1021 610 1115 670 horma

88 695 219 774 gregia)
245 693 277 752 in
298 691 408 754 iudicio
432 704 462 753 et
483 694 606 755 veritate
628 705 751 775 pascant
773 705 804 754 et
821 705 934 774 regant.
978 693 1025 756 Ne
1041 715 1114 757 vero

89 797 132 852 ea,
160 797 235 860 quae
264 776 301 839 de
329 777 487 840 residentia
513 790 613 841 sancte
641 791 671 840 et
689 781 798 840 utiliter
814 781 871 841 iam
889 791 976 842 autea
993 781 1045 842 sub
1063 781 1114 842 iel.
1214 781 1218 789 '

88 884 143 925 rec.
165 863 259 925 Panlo
278 863 330 926 111.
359 866 471 925 sancita
493 866 662 941 lueruut³),
695 868 725 927 in
747 885 847 928 seusus
869 885 887 926 a
910 877 1114 928 sacrosanctae

88 948 186 1031 synodi
209 959 308 1010 mente
336 950 447 1011 alienos
474 951 636 1022 trahantur,
665 970 700 1012 ac
727 953 752 1010 si
777 954 878 1031 vigore
906 952 981 1013 illius
1003 951 1117 1014 decreti

89 1038 208 1116 quinque
227 1036 374 1097 mensibus
394 1038 537 1097 continuis
555 1037 657 1098 abesse
676 1038 774 1111 liceat,
792 1039 849 1098 illis
867 1036 1045 1099 inhaerendo
1064 1037 1117 1098 de·

89 1122 176 1182 clarat
193 1133 385 1183 sacrosancta
407 1121 547 1202 synodus,
572 1141 671 1182 omnes
689 1124 942 1203 patriarchalibus,
969 1125 1117 1204 primatia-

89 1208 171 1280 libus,
196 1207 428 1288 metropolitanis
450 1229 485 1269 ac
509 1207 722 1269 cathedralibus
741 1211 875 1270 ecclesiis
903 1209 1116 1291 quibuscunque

90 1311 255 1374 quocunque
277 1296 391 1354 nomine
410 1305 440 1354 et
461 1295 546 1354 titulo
563 1295 744 1374 praefectos,
773 1297 859 1355 etiam
877 1297 902 1354 si
920 1307 1038 1356 sauctae
1058 1295 1119 1356 llo-

90 1399 184 1440 manae
212 1380 360 1464 ecclesiae
388 1378 550 1440 cardinales
577 1383 643 1453 sint,
672 1380 796 1459 obligari
822 1380 860 1442 ad
877 1382 1059 1461 personalem
1086 1383 1117 1442 iu

90 1485 137 1527 sua
154 1465 285 1526 ecclesie
301 1466 348 1526 vel
366 1462 496 1526 dioecesi
513 1465 713 1538 residentiam,
732 1466 780 1526 uhi
799 1468 927 1527 iniuncto
946 1467 1002 1526 sibi
1021 1466 1116 1528 officio

92 1549 204 1630 defungi
221 1561 391 1624 teneantur,
411 1571 504 1632 neque
522 1553 624 1612 abesse
642 1571 742 1630 posse,
766 1553 820 1612 uisi
839 1555 989 1612 ex‘causls
1007 1563 1039 1612 et
1055 1572 1117 1612 mo·

91 1635 129 1695 dis
146 1637 222 1697 iufra
241 1637 369 1716 scriptis.
414 1636 488 1697 Nam
508 1657 591 1718 quum
611 1637 774 1698 Christiana
793 1639 914 1710 caritas,
939 1656 1046 1716 urgens
1064 1655 1118 1698 ue·

92 1723 219 1796 cessitas,
256 1721 355 1783 debita
383 1722 563 1796 ohedientia,
601 1743 636 1784 ac
664 1721 781 1784 evidens
810 1724 954 1784 ecclesiae
984 1724 1031 1784 vel
1058 1725 1118 1784 rei·

91 1808 216 1885 publicae
235 1809 347 1868 utilitas
369 1809 481 1889 aliquos
499 1828 698 1889 nonnunquam
717 1808 819 1868 abesse
837 1810 984 1889 postulent
1006 1820 1038 1869 et
1054 1811 1118 1870 exi·

92 1904 170 1970 gant,
189 1892 327 1956 decernit
345 1893 445 1955 eadem
464 1905 652 1955 sacrosancta
670 1893 810 1974 synodus,
829 1894 881 1954 has
901 1896 1047 1972 legitimae
1065 1895 1118 1954 ah·
1165 1927 1170 1960 ς

93 1981 194 2040 seutiae
214 1999 319 2042 causas
340 2001 359 2040 a
375 1981 541 2042 beatissimo
566 1979 694 2040 Romano
717 1978 873 2052 Pontifice,
897 1991 946 2040 aut
969 1990 1117 2060 metropo-

93 2063 187 2139 litano,
206 2068 254 2127 vcl
279 2085 315 2127 eo
334 2067 464 2139 absente,
492 2066 676 2145 suffraganeo
703 2067 842 2147 episcopo
864 2067 1020 2146 antiquiori
1042 2067 1117 2126 resi-

95 2147 186 2224 dente,
210 2155 259 2232 qui
282 2151 357 2212 idem
375 2152 769 2232 metropolitani.ahsentiam
787 2151 912 2232 probare
937 2150 1069 2224 debebit,
1087 2153 1117 2211 in

94 2238 200 2318 scriptis
218 2256 285 2298 esse
304 2237 519 2319 approbandas,
539 2239 593 2298 nisi
611 2258 695 2318 (Ῑιιιιω
713 2237 843 2298 absentia
853 2236 989 2298 inciderit
997 2249 1118 2318 propter

95 2322 201 2402 aliquod
211 2343 313 2385 munus
332 2335 362 2384 et
379 2323 557 2405 reipublicae
577 2323 700 2384 officium
718 2324 931 2403 episcopatibus
941 2322 1116 2395 adiunctum,

97 2409 167 2468 cuius
190 2411 325 2491 quoniam
348 2428 453 2470 causae
476 2421 543 2470 suut
564 2412 696 2471 notoriae
719 2420 750 2469 et
771 2408 913 2469 interdum
937 2411 1117 2489 repentinae,

95 2512 126 2552 ue
151 2514 199 2556 eas
227 2494 342 2576 quidem
369 2496 527 2575 significari
554 2497 776 2575 metropolitano
804 2514 927 2555 necesse
952 2497 1017 2556 erit.
1069 2493 1118 2554 Ad

96 2578 208 2643 eundem
230 2593 328 2642 tamen
352 2601 414 2642 cum
434 2583 558 2642 concilio
581 2582 752 2662 provinciali
770 2583 913 2662 spectabit
931 2579 1060 2641 iudicare
1080 2579 1117 2640 de
1223 2615 1235 2631 ι

96 2663 211 2726 licentiis
235 2687 254 2728 a
276 2687 307 2728 se
325 2667 372 2728 vel
390 2687 407 2726 a
425 2669 609 2746 suffraganeo
633 2667 721 2737 datis,
746 2678 777 2726 et
796 2665 911 2739 videre,
935 2687 972 2726 ne
996 2668 1117 2746 quis'eo
1131 2690 1169 2733 ros

96 2749 151 2810 iure
169 2752 312 2826 abutatur,
332 2763 362 2812 et
379 2763 411 2812 ut
428 2755 529 2833 poenis
547 2755 696 2813 canonicis
714 2764 845 2812 errantes
862 2754 1024 2831 puniantur.
1069 2751 1118 2812 Iu·

96 2842 171 2897 terea
192 2841 375 2905 meminerint
400 2836 556 2898 discessuri
564 2841 610 2914 ⁴),
637 2839 678 2898 ita
706 2839 805 2898 ovibus
823 2840 881 2896 suis
899 2835 1115 2918 providendum,
1132 2889 1145 2898 ..
1199 2889 1203 2896 .

97 2930 136 2992 tt,
162 2937 295 3003 quantum
322 2925 386 2984 fieri
405 2927 526 3003 poterit,
558 2943 597 2983 ex
621 2925 748 3004 ipsorum
775 2923 905 2983 absentia
931 2923 1037 2982 nullum
1065 2920 1117 2982 da·

97 3025 182 3068 uuum
200 3013 355 3090 accipiant.
379 3009 519 3084 Quoniam
537 3021 632 3070 autem
652 3011 699 3090 qui
710 3009 923 3088 'aliquantisper
939 3019 1048 3066 tantum
1065 3008 1117 3067 ab·

99 3105 156 3152 sunt
172 3113 208 3155 ex
225 3107 355 3157 veterum
374 3116 514 3157 canonum
532 3097 675 3156 sententia
693 3114 750 3154 nou
768 3092 902 3154 videntur
918 3093 1032 3166 abesse,
1051 3095 1119 3175 quie

99 3181 185 3238 statim
202 3185 348 3244 reversuri
366 3194 445 3254 suut:
464 3193 651 3242 sacrosancta
660 3179 786 3262 synodus
795 3181 864 3252 vult,
883 3178 953 3240 illud
967 3181 1116 3242 absentiae

100 3265 211 3340 spatium
224 3269 343 3348 singulis
361 3269 452 3340 anuis,
472 3268 532 3328 sive
552 3267 716 3328 continuum
734 3267 794 3327 sive
813 3269 1014 3346 interruptum,
1034 3276 1118 3326 extra

100 3350 255 3425 praedictas
277 3373 379 3415 causas
406 3353 483 3413 nullo
510 3365 596 3434 pacto
621 3352 728 3413 dehere
751 3350 824 3413 duos
846 3363 896 3412 aut
921 3351 959 3412 ad
979 3372 1119 3412 summum

101 3442 153 3496 tres
173 3459 284 3501 meuses
306 3439 467 3512 excedere,
496 3449 528 3497 et
548 3438 650 3500 haberi
672 3440 827 3511 rationem,
854 3447 887 3498 ut
911 3436 942 3499 id
965 3457 1059 3519 aequa
1079 3457 1119 3500 ex

104 3537 181 3582 causa
197 3526 247 3585 fiat
264 3537 295 3586 et
312 3527 419 3608 absquo
443 3525 501 3586 ullo
520 3526 619 3604 gregis
642 3523 829 3598 detriment03
853 3523 929 3604 quod
952 3543 988 3584 an
1011 3526 1053 3585 ita
1069 3527 1117 3598 sit,

103 3605 304 3673 abscedentium
327 3613 523 3673 conscientiae
546 3612 695 3691 relinquit,
727 3631 810 3690 qnam
831 3621 930 3689 sperat
951 3611 1117 3691 religiosam

105 3701 131 3748 ct
149 3695 305 3758 timoratam
327 3700 405 3771 iore,
438 3715 522 3778 quum
543 3695 725 3758 Descende
745 3698 914 3776 patescit),
943 3698 1023 3758 cuius
1046 3715 1119 3776 opus

106 3815 304 3838 ’ᾕ-ῄ-...ι-

107 3919 122 3965 s
150 3876 222 3925 Sese.
235 3882 331 3928 xxm.
359 3879 642 3937 llloan.X.12.18.-
669 3881 942 3946 2)ll³etr.V.2.8.-
964 3881 1115 3975 dpcfanpr.

108 3937 163 4024 stit:
172 3929 212 4028 ll:
222 3931 825 4041 trstesttafl‘tenuitateV1‘0
839 3933 858 3976 ¹·
868 3935 887 3976 ⁶⁴
904 3931 972 3982 ‘¹¹⁰²'
985 3931 1116 3986 ·v¹¹¹·’·
