2654 4334
154 313 160 319 .
233 270 312 334 m
398 240 1135 344 nummariosanonumwncunrm,'

233 413 335 486 scitus,
360 413 416 471 etsi
437 411 589 493 aliquando
601 423 658 494 ⁴est
679 414 708 472 in
727 413 821 489 gratia
839 410 993 474 secundnm
1011 422 1189 492 praesentem
1206 414 1248 474 iu·

186 521 191 546 τ
234 499 355 570 eduam,
379 508 475 559 nmen
493 517 636 578 numquam
653 508 698 558 est
714 516 782 576 pars
800 497 956 569 ecclcsiae,
976 508 1005 557 et
1022 496 1249 576 praedestinatus·

233 603 349 662 semper
369 594 465 645 manet
482 584 637 644 membrum
655 583 813 655 ecclesiae,
837 583 909 643 licet
925 581 1077 661 aliquando
1097 582 1211 643 excidat
1226 583 1241 644 ι’

232 671 328 748 gratia
345 667 512 741 adventitia,
531 667 657 730 sednon
676 687 694 730 a
711 669 806 746 gratia
822 666 1103 748 praedestinationis.
1127 719 1131 728 .
1150 673 1179 736 6.
1197 665 1245 728 Su·

233 754 336 814 mendo
365 756 518 815 ecclesiam
545 775 598 834 pro
613 773 616 778 ·
631 755 839 816 convocatione
870 751 1164 833 praedestinatorum,
1194 755 1245 830 sive

233 841 339 900 fuerint
370 842 399 899 in
426 843 519 919 gratia
546 841 606 900 sive
634 860 691 900 non
717 837 872 904 seeundum
899 849 1079 919 praesentem
1108 840 1246 910 iustitiam,

233 924 389 984 istomodo
409 926 537 988 ecelesia
553 935 599 986 est
615 925 752 986 articulus
770 923 848 986 fidei.
893 930 924 988 7.
942 923 1045 986 Petrus
1063 944 1121 983 non
1140 935 1183 984 est
1199 943 1246 984 nec

233 1011 288 1070 fuit
307 1022 400 1089 caput
419 1012 565 1070 eeclesiae
587 1029 610 1069 s..
636 1010 807 1070 catholicae.
853 1017 882 1074 8.
903 1008 1079 1070 Sacerdotes
1098 1007 1248 1089 qno-odo·

130 1133 132 1137 -
231 1096 305 1154 libet
324 1097 477 1156 criminose
495 1096 625 1156 viventes
643 1094 799 1157 sacerdotii
817 1096 946 1173 polluunt
962 1104 1148 1174 potestatem,
1166 1105 1194 1154 et
1210 1097 1247 1154 sic

230 1191 264 1238 ut
290 1181 343 1238 frlii
371 1179 505 1240 infideles
532 1182 657 1244 sentiunt
683 1179 840 1243 infideliter
866 1180 902 1243 de
930 1191 1039 1259 septem
1070 1180 1248 1241 sacramentis

234 1265 387 1337 ecclesiae,
406 1265 443 1328 de
464 1267 600 1338 clavibus,
620 1265 734 1338 officiis,
753 1261 890 1338 censuris,
910 1265 1044 1337 moribus,
1066 1266 1246 1327 caeremoniis

232 1361 265 1409 et
280 1353 372 1410 sacris
390 1352 476 1414 rebus
495 1353 655 1422 ecclesiae,
679 1353 866 1415 veneratione
885 1353 1084 1430 reliquiarum,
1105 1349 1246 1428 indulgen·

231 1436 280 1494 tiis
298 1446 329 1494 et
346 1435 502 1500 ordinibus.
548 1443 577 1501 9.
591 1435 710 1515 Papnlis
732 1435 855 1514 dignitas
880 1456 898 1494 a
922 1436 1046 1496 Caesare
1070 1437 1200 1506 inolevit,
1221 1445 1245 1493 et

232 1519 328 1600 Papae
351 1523 494 1600 perfectio
518 1533 548 1582 et
571 1521 712 1582 institutio
739 1541 757 1580 a
784 1521 918 1598 Caesaris
945 1523 1074 1602 potentia
1102 1523 1246 1582 emanavit.

227 1611 289 1669 lo..
308 1606 409 1666 Nullus
432 1610 493 1668 sine
516 1608 694 1671 revelatione
712 1618 857 1667 assereret
876 1608 1087 1666 rationabiliter
1107 1606 1190 1667 dese
1207 1606 1246 1664 vel

209 1692 300 1763 -alio,
321 1691 396 1772 quod
416 1704 492 1753 esset
511 1703 597 1771 caput
615 1693 759 1754 ecelesiae
776 1693 967 1770 particularis.
1015 1698 1065 1758 ll.
1084 1691 1151 1753 Non
1170 1710 1245 1770 opor-

232 1787 310 1835 teret
337 1775 473 1849 credere,
502 1775 578 1857 quod
605 1779 670 1848 iste,
695 1779 853 1857 quicunque
877 1789 923 1838 est
945 1778 1088 1838 Romanus
1111 1777 1243 1847 Pontifex,

233 1862 270 1920 sit
284 1875 370 1941 caput
388 1865 580 1943 cuiuscunque
599 1863 780 1944 particularis
799 1864 942 1924 ecelesiae
961 1875 1092 1934 serame,
1112 1865 1165 1923 nisi
1179 1863 1246 1921 lleus

233 1966 295 2007 eum
329 1948 599 2028 praedestinaverit.
652 1955 701 2012 12.
732 1948 825 2010 Nemo
852 1951 929 2027 gerit
954 1951 1046 2009 vicem
1076 1950 1180 2010 Christi
1205 1946 1244 2006 vel

229 2031 325 2104 Petri,
349 2035 403 2094 nisi
422 2045 559 2114 sequatur
578 2053 640 2094 eum
659 2036 687 2093 in
706 2034 845 2106 moribus,
865 2053 948 2114 quum
967 2036 1043 2094 nulla
1061 2036 1119 2095 alia
1138 2033 1242 2113 sequela
1301 2059 1302 2110 3

232 2119 272 2178 sit
291 2121 498 2222 pertinenti'or,
522 2139 576 2179 nee
596 2120 681 2179 aliter
699 2122 822 2199 recipiat
839 2140 856 2179 a
874 2118 937 2179 Deo
955 2123 1182 2199 procuratorium
1198 2137 1242 2198 po·

231 2214 381 2274 testatem,
405 2207 472 2284 quia
493 2205 529 2266 ad
553 2203 623 2267 illud
646 2205 772 2270 officium
795 2207 949 2278 vicariatus
972 2207 1130 2285 requiritur
1148 2217 1176 2266 et
1192 2223 1242 2262 mo·

127 2315 132 2324 ·
231 2308 292 2349 rum
318 2291 518 2363 conformitas,
546 2301 577 2352 et
603 2292 775 2351 instituentis
798 2285 964 2352 auctoritas
1013 2297 1061 2356 13.
1089 2293 1168 2370 Papa
1193 2307 1241 2347 ιιι
1300 2337 1301 2346 2

227 2387 276 2435 est
293 2394 378 2434 verus
396 2381 434 2434 et
443 2377 608 2438 manifestus
621 2395 773 2438 successor
786 2377 989 2478 Apostolorum
1008 2379 1147 2456 principis
1165 2374 1240 2443 Petri,

229 2464 255 2520 si
273 2462 342 2518 vivit
359 2461 485 2519 moribus
504 2463 656 2522 contrariis
675 2457 776 2533 Petro,
796 2465 868 2522 etsi
887 2464 998 2541 quaerit
1015 2465 1173 2533 avaritiam,
1191 2473 1239 2518 tum

126 2587 130 2598 .
178 2563 219 2604 aso
231 2556 276 2604 est
290 2547 417 2604 vicarius
431 2543 518 2623 ludas
535 2543 677 2607 Scarioth.
722 2546 761 2606 Et
773 2549 836 2627 pari
855 2547 998 2607 evidentia
1017 2547 1177 2623 cardinales
1194 2561 1240 2602 non

230 2640 296 2690 sunt
320 2631 383 2691 reri
405 2635 440 2690 et
468 2632 610 2694 manifesti
628 2631 817 2704 ,successores
845 2635 961 2712 collegii
984 2634 1103 2693 aliorum
1127 2633 1240 2712 Aposto-

231 2717 321 2781 lorum
351 2715 473 2789 Cbristi,
508 2718 561 2776 nisi
584 2719 721 2784 'vinerint
747 2713 826 2782 more
853 2718 1071 2798 Apostolorum,
1106 2726 1240 2778 servantes
1298 2775 1299 2786 ,

230 2800 362 2862 mandata
390 2813 421 2861 et
449 2804 567 2863 consilia
596 2803 708 2862 Domini
737 2806 826 2863 nostri
855 2803 919 2863 lesu
948 2803 1063 2864 Christi.
1118 2811 1165 2867 ld·
1190 2800 1239 2858 ⁰⁰·

231 2899 328 2948 olores
350 2899 510 2967 ponentes,
540 2884 628 2990 quod·
643 2890 743 2968 aliquis
770 2909 823 2968 per
850 2909 997 2952 censuram
1025 2889 1238 2954 ecclesiasticam
1298 2881 1299 2911 r

227 2972 478 3056 emendandus,
456 2995 479 3033 ει
499 2976 607 3052 corrigi
626 2975 764 3046 noluerit,
787 2976 928 3034 saeculari
946 2973 1053 3034 iudicio
1073 2986 1118 3036 est
1135 2970 1239 3033 traden-

230 3058 295 3130 dus,
318 3076 371 3140 pro
392 3063 474 3120 ec'rto
493 3070 647 3138 sequuntur
665 3062 693 3126 in
713 3060 768 3120 boc
787 3061 939 3162 pontifices
956 3071 987 3120 et
1005 3059 1121 3142 scribas
1133 3070 1162 3121 et
1178 3056 1237 3135 p
1297 3065 1298 3082 ¹

229 3147 354 3216 risaeos,
378 3147 426 3223 qui
444 3145 602 3216 Christum,
625 3165 683 3208 non
705 3147 846 3205 volentem
866 3148 908 3206 eis
927 3143 1072 3206 obedire
1063 3166 1092 3205 ιι
1113 3141 1235 3206 omnibns

171 3271 174 3276 -
229 3227 373 3294 dieentes·
393 3230 550 3293 nobr'srron
570 3232 640 3289 lieet
645 3228 830 3308 ubtery'ieere
849 3249 1025 3310 quemquem,
1045 3233 1134 3310 ipsum
1150 3244 1237 3288 saecu·

229 3315 282 3375 lari
305 3315 413 3375 iudicio
437 3314 630 3388 tradiderunt,
655 3327 684 3374 et
707 3315 781 3396 quod
797 3316 898 3378 reales
920 3319 976 3376 sint
993 3315 1162 3386 homicidae,
1181 3327 1235 3390 grt-
1296 3339 1297 3342 ¹

222 3403 323 3462 viores
351 3419 431 3481 quam
460 3400 562 3461 Pilato.
610 3405 665 3466 15
689 3400 859 3462 Obedientia
887 3403 1085 3480 ecclesiastica
1108 3411 1151 3461 est
1176 3397 1236 3455 obc-

228 3483 335 3545 dientia
350 3485 504 3548 secundum
518 3485 749 3568 adinventionem
763 3487 943 3549 sacerdotum
962 3471 1114 3566 ecclesiae,
1120 3492 1236 3566 praeter

228 3566 402 3649 expressam
415 3563 614 3648 auctoritatem
630 3574 793 3652 scriptam,
822 3579 871 3640 16.
890 3572 999 3650 Divisio
1018 3557 1175 3635 immediata
1191 3567 1233 3624 ho·

229 3675 374 3714 manorum
391 3671 507 3738 opernm
522 3669 577 3729 est,
597 3657 680 3760 quod·
690 3669 754 3720 sunt
770 3660 816 3730 vel
833 3661 960 3720 virtuosa
977 3660 1025 3720 vel
1041 3658 1151 3736 vitiosa,
1169 3652 1232 3746 quia

228 3743 251 3798 si
270 3741 355 3798 bomo
374 3752 418 3799 est
434 3744 566 3815 vitiosus,
586 3745 695 3822 etegit
713 3746 870 3824 quicquam,
890 3756 948 3804 tum
966 3747 1028 3824 agit
1042 3745 1164 3822 vitiose,
1172 3747 1199 3796 ct
1212 3731 1232 3792 si

228 3834 273 3886 eat
289 3825 445 3896 virtuosus,
469 3838 499 3886 et
517 3830 577 3905 agit
595 3829 758 3908 quicquam,
778 3841 835 3889 tum
854 3833 915 3910 agit
931 3833 1072 3904 virtuose3
1092 3829 1166 3910 quia
1170 3824 1232 3882 sicut
1294 3861 1295 3923 p

225 3909 354 3980 vitium,
367 3908 453 3988 quod
470 3913 576 3972 crimen
605 3911 722 3986 dicitur,
750 3934 801 3974 seu
824 3918 944 3976 mortale
966 3926 1128 3995 peccatum,
1154 3904 1232 3969 inlicit
