2654 4330
137 228 380 312 sussloqxv.
401 231 517 288 stmv.
534 225 770 292 wll-Deum.
788 233 992 294 PROTEST·
1034 239 1091 295 Ν

74 377 182 452 otioque
210 373 379 445 consulere,
407 381 509 453 parata
535 374 628 454 ipsos,
654 375 680 433 si
705 376 851 447 vonerint,
879 386 910 435 et
932 376 1093 437 humaniter
1201 380 1203 388 '

75 461 215 537 excipere,
239 468 271 518 et
288 457 411 536 benigne
429 456 544 530 audire,
569 458 787 539 renidensque,
811 479 862 519 eos
880 480 938 520 non
956 460 1023 521 lidei
1043 469 1093 522 ca·

72 545 188 603 tbolicae
208 545 401 623 pertinaciter
419 543 641 624 oppugnandae,
661 543 713 605 sed
725 545 855 604 veritatis
869 547 1091 625 cognoscendae

72 628 156 688 smdio
174 649 241 689 esse
259 639 411 702 venturos,
430 640 461 689 et
476 639 508 690 ut
525 630 711 708 evangelicae
728 631 859 690 veritatis
875 629 1020 692 studiosos
1038 632 1092 692 de·

72 727 124 786 cet,
142 725 263 774 sanctae
281 715 380 774 matris
398 714 542 775 ecclesiae
560 715 686 775 decretis
704 725 735 774 et
751 713 920 795 disciplinae
939 715 976 776 ad
995 728 1093 777 extre-

72 821 135 860 mum
162 819 228 860 esse
257 800 456 878 requieturos,
483 811 649 880 sequentem
676 801 833 860 sessionem
860 799 896 860 ad
923 800 1037 862 edenda
1063 816 1095 863 et
1136 830 1140 840 ·

72 885 236 965 publicanda
251 903 301 957 ea,
321 904 394 964 quae
408 905 494 964 supra
512 895 734 946 commemorata
750 896 828 956 suut,
848 887 877 945 in
896 884 971 946 diem
989 889 1092 948 festum

72 973 153 1031 sancti
176 971 309 1051 losepbi,
338 973 386 1051 qui
408 972 466 1030 erit
487 969 534 1031 die
551 970 630 1030 XlX.
649 973 754 1030 mensis
771 971 883 1042 Martii,
911 971 1035 1044 distulit,
1061 985 1094 1033 ut

72 1059 106 1116 illi
123 1059 189 1117 satis
208 1058 349 1137 temporis
367 1066 398 1116 et
414 1057 498 1136 spatii
516 1056 642 1116 babeant
659 1076 716 1114 nun
739 1057 829 1115 solum
851 1055 888 1116 ad
910 1057 1092 1130 veniendum,

71 1161 158 1202 verum
177 1144 266 1202 etiam
285 1141 322 1202 ad
341 1160 391 1213 en,
418 1159 490 1221 quae
509 1142 666 1211 volueriut,
692 1153 845 1220 autequam
863 1143 888 1200 is
907 1141 969 1202 dies
986 1146 1092 1216 veniet,

73 1227 263 1306 proponenda.
319 1227 426 1300 Quibus
452 1237 484 1287 ut
515 1246 626 1285 omnem
658 1225 763 1286 diutius
794 1227 948 1286 cunctandi
979 1249 1093 1288 causam

71 1312 180 1386 adimat,
199 1312 289 1372 iidem
307 1311 449 1392 pubiicum
468 1314 527 1372 sive
545 1312 652 1371 salvum
671 1311 856 1384 conductum,
880 1315 955 1385 eius,
980 1316 1027 1393 qui
1046 1334 1093 1373 re·

69 1398 210 1472 citabitur,
247 1400 374 1458 tenoris*
391 1409 422 1458 et
451 1399 627 1469 sententiae,
664 1397 788 1458 libenter
813 1396 864 1457 dat
890 1409 921 1458 et
947 1397 1114 1460 concedic'

74 1482 266 1544 intereavero
291 1483 328 1544 de
351 1485 523 1544 matrimonii
546 1493 726 1543 sacramenta
749 1482 904 1562 agendum,
933 1489 965 1546 e't
985 1483 1022 1544 de
1046 1497 1092 1557 eo,

75 1580 178 1646 praeter
203 1571 386 1649 superiorum
413 1567 596 1629 decretorum
627 1569 865 1648 publicationem,
901 1568 1093 1629 deliniendum

75 1671 141 1726 esso,
168 1655 273 1716 eadem
300 1655 428 1714 sessione
455 1656 555 1714 statuit
580 1665 610 1714 et
636 1653 781 1726 deceruit,
809 1665 840 1714 et
865 1653 1094 1734 prosequendam

76 1755 128 1798 esso
144 1742 295 1800 materiam
313 1742 536 1801 reformationis.

268 2077 887 2138 §Ahvnscomnncwns

507 2187 651 2234 uerus

201 2279 1013 2350 ruornsrnurreus.

150 2409 343 2486 Sacrosaucta
361 2427 547 2485 oecumenica
565 2435 596 2485 et
613 2426 757 2504 generalis
770 2423 938 2486 Tridentino
956 2421 1092 2503 synodus,

75 2507 101 2563 'in
121 2505 222 2594 Spiritu
246 2523 348 2578 sancto
373 2512 498 2590 legitime
526 2521 718 2589 congregate,
744 2509 974 2589 praesidentibus
1000 2511 1030 2568 iu
1057 2528 1093 2569 eu

78 2592 170 2654 eisdem
188 2610 306 2658 sanctae
324 2596 598 2676 sedisapostolicae
616 2597 712 2675 legato
727 2606 758 2656 et
775 2597 895 2667 nunciis,
915 2594 1091 2654 inhaerendo

79 2677 143 2762 salvo
161 2683 315 2744 conductui
334 2685 363 2741 in
381 2681 538 2761 penultima
555 2683 684 2742 sessione
704 2681 787 2754 dato,
807 2692 837 2742 et
855 2682 933 2741 illum
951 2680 1030 2739 iuxta
1050 2691 1092 2740 te·
1106 2697 1145 2737 mr
1247 2675 1250 2684 ¹

80 2777 162 2823 uorem
179 2770 254 2828 inira
273 2770 408 2848 scriptum
427 2767 603 2847 ampliando,
633 2769 772 2828 universis
795 2766 880 2827 fidem
903 2767 988 2837 iacit,
1016 2765 1092 2845 quod

79 2851 190 2910 omuibus
208 2866 240 2913 et
257 2856 376 2932 siugulis
394 2853 602 2924 sacerdotibus,
622 2852 811 2923 electoribus,
830 2852 1020 2931 principibus,
1040 2850 1093 2909 du·

80 2931 155 3006 tibus,
173 2941 392 3012 marchionibus,
413 2936 577 3011 comitibus,
597 2939 766 3008 baronibus,
785 2936 943 3007 nobilibus,
962 2937 1092 2995 militari·

80 3012 129 3088 bus,
146 3017 337 3102 popularibus,
357 3036 387 3084 et
405 3027 469 3084 aliis
488 3025 700 3104 quibuscunque
719 3024 802 3093 viris,
822 3023 1015 3100 cuiuscunque
1033 3027 1092 3080 sta'-

80 3108 115 3158 tus
126 3116 154 3163 et
165 3110 337 3170 conditionis
351 3121 400 3170 aut
414 3111 557 3190 qualitatis
572 3111 719 3180 exsistant,
738 3106 909 3167 Germaniae
923 3107 1090 3185 provinciae

80 3195 104 3242 tt
118 3193 232 3255 nationis
251 3197 424 3268 civitatibus,
444 3208 474 3256 et
491 3196 556 3254 aliis
574 3195 646 3253 locis
664 3193 806 3266 eiusdem,
830 3204 860 3253 et
878 3192 1007 3252 omnibus
1021 3193 1091 3252 aliis

81 3273 268 3342 ecclesiasticis
291 3292 321 3342 et
339 3282 547 3353 saecularibus,
575 3281 744 3360 praesertim
766 3279 951 3358 Augustanus
975 3280 1091 3338 confes·

80 3354 163 3433 sionis,
180 3370 322 3442 personis,
351 3370 398 3448 qui
417 3378 466 3427 eut
484 3386 556 3446 quae
579 3387 635 3426 una
655 3386 718 3428 cum
736 3368 805 3446 ipsis
822 3365 859 3425 ad
878 3366 933 3425 boc
952 3362 1089 3442 generale

80 3435 255 3510 Tridentinum
283 3456 435 3514 concilium
461 3455 589 3513 venient
605 3465 654 3514 aut
679 3456 839 3524 mittentur,
867 3471 902 3511 ac
929 3450 1090 3530 profecturi

82 3535 135 3584 runt
157 3546 204 3593 aut
228 3537 373 3620 bucusque
399 3550 552 3611 venerunt,
579 3557 749 3620 quocunque
776 3538 890 3598 nomine
917 3546 1090 3612 censeantur

82 3619 242 3681 nut'valeant
258 3627 430 3706 nuncupari,
457 3637 559 3687 tenore
581 3627 772 3706 praesentium
795 3625 937 3704 publicam
956 3621 1040 3683 iidem
1058 3629 1112 3690 et,

83 3692 253 3769 Plenissime
271 3714 504 3792 verissimamque
526 3713 724 3784 securitatem,
748 3717 835 3790 'quam
854 3711 960 3770 salvum
979 3705 1089 3768 condu-

84 3786 145 3878 illm
161 3789 308 3870 appellans„
328 3798 474 3858 libereud
484 3799 562 3858 'banc
578 3799 724 3858 civitatem
735 3796 930 3857 Tridentinum
944 3791 1087 3863 veniendi,

84 3859 223 3955 ibidemqu,
242 3885 396 3958 mutendi,
413 3884 534 3958 standi,
549 3883 692 3955 morundi,
720 3882 913 3964 proponendi,
941 3876 1088 3962 loquendis
1208 3909 1209 3912 ¹
