<?xml version="1.0" encoding="UTF-8"?>
<!DOCTYPE html PUBLIC "-//W3C//DTD XHTML 1.0 Transitional//EN"
    "http://www.w3.org/TR/xhtml1/DTD/xhtml1-transitional.dtd">
<html xmlns="http://www.w3.org/1999/xhtml" xml:lang="en" lang="en">
 <head>
  <title>
</title>
<meta http-equiv="Content-Type" content="text/html;charset=utf-8" />
  <meta name='ocr-system' content='tesseract 3.04.00' />
  <meta name='ocr-capabilities' content='ocr_page ocr_carea ocr_par ocr_line ocrx_word'/>
</head>
<body>
  <div class='ocr_page' id='page_1' title='image "./canonesetdecret00stergoog_0221.png"; bbox 0 0 2654 4334; ppageno 0'>
   <div class='ocr_carea' id='block_1_1' title="bbox 224 172 1093 240">
    <p class='ocr_par' dir='ltr' id='par_1_1' title="bbox 224 172 1093 240">
     <span class='ocr_line' id='line_1_1' title="bbox 224 172 1093 240; baseline -0.007 -4"><span class='ocrx_word' id='word_1_1' title='bbox 224 178 303 236; x_wconf 66' lang='grc'><strong>110</strong></span> <span class='ocrx_word' id='word_1_2' title='bbox 381 175 559 240; x_wconf 74' lang='lat' dir='ltr'>ORATIO</span> <span class='ocrx_word' id='word_1_3' title='bbox 584 172 831 229; x_wconf 71' lang='lat' dir='ltr'><strong>nastrum</strong></span> <span class='ocrx_word' id='word_1_4' title='bbox 853 174 969 230; x_wconf 83' lang='lat' dir='ltr'><strong>SESS·</strong></span> <span class='ocrx_word' id='word_1_5' title='bbox 991 173 1093 230; x_wconf 76' lang='lat' dir='ltr'><strong>ULT.</strong></span> 
     </span>
    </p>
   </div>
   <div class='ocr_carea' id='block_1_2' title="bbox 109 311 1316 3892">
    <p class='ocr_par' dir='ltr' id='par_1_2' title="bbox 109 311 1256 2016">
     <span class='ocr_line' id='line_1_2' title="bbox 226 311 1256 396; baseline -0.003 -19"><span class='ocrx_word' id='word_1_6' title='bbox 226 319 321 377; x_wconf 76' lang='lat' dir='ltr'><strong>iue‘em</strong></span> <span class='ocrx_word' id='word_1_7' title='bbox 345 313 576 396; x_wconf 86' lang='lat' dir='ltr'><strong>cognoscendam</strong></span> <span class='ocrx_word' id='word_1_8' title='bbox 598 311 782 376; x_wconf 82' lang='lat' dir='ltr'><strong>accederent.</strong></span> <span class='ocrx_word' id='word_1_9' title='bbox 830 313 938 374; x_wconf 86' lang='lat' dir='ltr'><strong>Verum</strong></span> <span class='ocrx_word' id='word_1_10' title='bbox 961 315 1018 374; x_wconf 91' lang='lat' dir='ltr'><strong>illis</strong></span> <span class='ocrx_word' id='word_1_11' title='bbox 1041 315 1127 374; x_wconf 89' lang='lat' dir='ltr'><strong>ctiam</strong></span> <span class='ocrx_word' id='word_1_12' title='bbox 1150 314 1256 374; x_wconf 86' lang='lat' dir='ltr'><strong>absen-</strong></span> 
     </span>
     <span class='ocr_line' id='line_1_3' title="bbox 225 389 1254 483; baseline -0.002 -21"><span class='ocrx_word' id='word_1_13' title='bbox 225 403 303 462; x_wconf 86' lang='lat' dir='ltr'><strong>tibus</strong></span> <span class='ocrx_word' id='word_1_14' title='bbox 318 403 399 474; x_wconf 88' lang='lat' dir='ltr'><strong>satis,</strong></span> <span class='ocrx_word' id='word_1_15' title='bbox 418 410 450 461; x_wconf 87' lang='lat' dir='ltr'><strong>ut</strong></span> <span class='ocrx_word' id='word_1_16' title='bbox 466 413 546 483; x_wconf 88' lang='lat' dir='ltr'><strong>puto,</strong></span> <span class='ocrx_word' id='word_1_17' title='bbox 565 422 583 460; x_wconf 90' lang='lat' dir='ltr'><strong>a</strong></span> <span class='ocrx_word' id='word_1_18' title='bbox 601 389 683 460; x_wconf 83' lang='lat' dir='ltr'><strong>nobis</strong></span> <span class='ocrx_word' id='word_1_19' title='bbox 701 401 861 462; x_wconf 82' lang='lat' dir='ltr'><strong>consultum</strong></span> <span class='ocrx_word' id='word_1_20' title='bbox 879 411 933 461; x_wconf 82' lang='lat' dir='ltr'><strong>est.</strong></span> <span class='ocrx_word' id='word_1_21' title='bbox 969 399 1082 460; x_wconf 78' lang='lat' dir='ltr'><strong>Etenim</strong></span> <span class='ocrx_word' id='word_1_22' title='bbox 1103 419 1184 479; x_wconf 89' lang='lat' dir='ltr'><strong>qunm</strong></span> <span class='ocrx_word' id='word_1_23' title='bbox 1195 399 1254 460; x_wconf 92' lang='lat' dir='ltr'><strong>duo</strong></span> 
     </span>
     <span class='ocr_line' id='line_1_4' title="bbox 228 485 1254 568; baseline -0.003 -21"><span class='ocrx_word' id='word_1_24' title='bbox 228 490 382 560; x_wconf 71' lang='lat' dir='ltr'><strong>essentia</strong></span> <span class='ocrx_word' id='word_1_25' title='bbox 397 489 496 568; x_wconf 90' lang='lat' dir='ltr'><strong>quibus</strong></span> <span class='ocrx_word' id='word_1_26' title='bbox 511 489 607 567; x_wconf 79' lang='lat' dir='ltr'>aegris</span> <span class='ocrx_word' id='word_1_27' title='bbox 621 498 706 566; x_wconf 87' lang='lat' dir='ltr'><strong>atque</strong></span> <span class='ocrx_word' id='word_1_28' title='bbox 724 487 842 546; x_wconf 82' lang='lat' dir='ltr'><strong>inlirmis</strong></span> <span class='ocrx_word' id='word_1_29' title='bbox 861 486 974 548; x_wconf 89' lang='lat' dir='ltr'><strong>illorum</strong></span> <span class='ocrx_word' id='word_1_30' title='bbox 990 486 1092 546; x_wconf 55' lang='lat' dir='ltr'><strong>,animis</strong></span> <span class='ocrx_word' id='word_1_31' title='bbox 1111 485 1254 545; x_wconf 89' lang='lat' dir='ltr'><strong>medicina</strong></span> 
     </span>
     <span class='ocr_line' id='line_1_5' title="bbox 160 570 1252 650; baseline -0.003 -17"><span class='ocrx_word' id='word_1_32' title='bbox 160 592 168 603; x_wconf 75' lang='lat'><strong><em>‘</em></strong></span> <span class='ocrx_word' id='word_1_33' title='bbox 226 575 281 633; x_wconf 89' lang='lat' dir='ltr'><strong>luit</strong></span> <span class='ocrx_word' id='word_1_34' title='bbox 299 571 477 646; x_wconf 86' lang='lat' dir='ltr'><strong>adhibenda,</strong></span> <span class='ocrx_word' id='word_1_35' title='bbox 501 575 622 633; x_wconf 88' lang='lat' dir='ltr'><strong>alterum</strong></span> <span class='ocrx_word' id='word_1_36' title='bbox 646 571 713 632; x_wconf 91' lang='lat' dir='ltr'><strong>lidei</strong></span> <span class='ocrx_word' id='word_1_37' title='bbox 732 571 894 633; x_wconf 84' lang='lat' dir='ltr'><strong>catholicae</strong></span> <span class='ocrx_word' id='word_1_38' title='bbox 912 591 948 632; x_wconf 85' lang='lat' dir='ltr'><strong>ac</strong></span> <span class='ocrx_word' id='word_1_39' title='bbox 966 591 1035 632; x_wconf 88' lang='lat' dir='ltr'><strong>vere</strong></span> <span class='ocrx_word' id='word_1_40' title='bbox 1054 570 1252 650; x_wconf 85' lang='lat' dir='ltr'><strong>evangelicae,</strong></span> 
     </span>
     <span class='ocr_line' id='line_1_6' title="bbox 218 656 1254 738; baseline -0.002 -20"><span class='ocrx_word' id='word_1_41' title='bbox 218 661 283 719; x_wconf 80' lang='lat' dir='ltr'><strong>illis</strong></span> <span class='ocrx_word' id='word_1_42' title='bbox 301 661 330 718; x_wconf 92' lang='lat' dir='ltr'><strong>io</strong></span> <span class='ocrx_word' id='word_1_43' title='bbox 348 659 458 732; x_wconf 85' lang='lat' dir='ltr'><strong>rebus,</strong></span> <span class='ocrx_word' id='word_1_44' title='bbox 478 679 549 738; x_wconf 88' lang='lat' dir='ltr'><strong>quae</strong></span> <span class='ocrx_word' id='word_1_45' title='bbox 568 660 597 717; x_wconf 94' lang='lat' dir='ltr'><strong>in</strong></span> <span class='ocrx_word' id='word_1_46' title='bbox 616 656 729 717; x_wconf 88' lang='lat' dir='ltr'><strong>dubium</strong></span> <span class='ocrx_word' id='word_1_47' title='bbox 748 657 783 717; x_wconf 89' lang='lat' dir='ltr'><strong>ab</strong></span> <span class='ocrx_word' id='word_1_48' title='bbox 803 658 871 737; x_wconf 89' lang='lat' dir='ltr'><strong>ipsis</strong></span> <span class='ocrx_word' id='word_1_49' title='bbox 889 667 1043 728; x_wconf 90' lang='lat' dir='ltr'><strong>vocantur,</strong></span> <span class='ocrx_word' id='word_1_50' title='bbox 1058 675 1189 735; x_wconf 89' lang='lat' dir='ltr'><strong>quaeque</strong></span> <span class='ocrx_word' id='word_1_51' title='bbox 1204 677 1254 736; x_wconf 91' lang='lat' dir='ltr'><strong>op-</strong></span> 
     </span>
     <span class='ocr_line' id='line_1_7' title="bbox 226 740 1254 824; baseline -0.004 -20"><span class='ocrx_word' id='word_1_52' title='bbox 226 755 367 824; x_wconf 90' lang='lat' dir='ltr'><strong>portunae</strong></span> <span class='ocrx_word' id='word_1_53' title='bbox 377 745 422 803; x_wconf 88' lang='lat' dir='ltr'><strong>his</strong></span> <span class='ocrx_word' id='word_1_54' title='bbox 435 743 611 822; x_wconf 79' lang='lat' dir='ltr'><strong>temporibus</strong></span> <span class='ocrx_word' id='word_1_55' title='bbox 620 742 801 814; x_wconf 87' lang='lat' dir='ltr'><strong>viderentur,</strong></span> <span class='ocrx_word' id='word_1_56' title='bbox 817 743 961 822; x_wconf 86' lang='lat' dir='ltr'><strong>explicata</strong></span> <span class='ocrx_word' id='word_1_57' title='bbox 975 753 1005 802; x_wconf 90' lang='lat' dir='ltr'><strong>et</strong></span> <span class='ocrx_word' id='word_1_58' title='bbox 1015 741 1187 805; x_wconf 82' lang='lat' dir='ltr'><strong>confirmata</strong></span> <span class='ocrx_word' id='word_1_59' title='bbox 1198 740 1254 800; x_wconf 93' lang='lat' dir='ltr'><strong>dis·</strong></span> 
     </span>
     <span class='ocr_line' id='line_1_8' title="bbox 226 822 1253 908; baseline -0.004 -19"><span class='ocrx_word' id='word_1_60' title='bbox 226 832 310 889; x_wconf 91' lang='lat' dir='ltr'><strong>ieetis</strong></span> <span class='ocrx_word' id='word_1_61' title='bbox 325 829 454 888; x_wconf 89' lang='lat' dir='ltr'><strong>omnibus</strong></span> <span class='ocrx_word' id='word_1_62' title='bbox 475 838 505 888; x_wconf 91' lang='lat' dir='ltr'><strong>et</strong></span> <span class='ocrx_word' id='word_1_63' title='bbox 519 828 662 908; x_wconf 90' lang='lat' dir='ltr'><strong>dissipatis</strong></span> <span class='ocrx_word' id='word_1_64' title='bbox 676 847 805 888; x_wconf 88' lang='lat' dir='ltr'><strong>errorum</strong></span> <span class='ocrx_word' id='word_1_65' title='bbox 820 822 948 888; x_wconf 81' lang='lat' dir='ltr'><strong>tenebris</strong></span> <span class='ocrx_word' id='word_1_66' title='bbox 963 826 1111 900; x_wconf 81' lang='lat' dir='ltr'><strong>doctrina3</strong></span> <span class='ocrx_word' id='word_1_67' title='bbox 1132 827 1253 886; x_wconf 90' lang='lat' dir='ltr'><strong>alterum</strong></span> 
     </span>
     <span class='ocr_line' id='line_1_9' title="bbox 227 911 1254 995; baseline -0.004 -21"><span class='ocrx_word' id='word_1_68' title='bbox 227 914 395 995; x_wconf 91' lang='lat' dir='ltr'><strong>disciplinae</strong></span> <span class='ocrx_word' id='word_1_69' title='bbox 414 915 642 986; x_wconf 88' lang='lat' dir='ltr'><strong>ecclesiasticae,</strong></span> <span class='ocrx_word' id='word_1_70' title='bbox 662 915 742 974; x_wconf 89' lang='lat' dir='ltr'><strong>cuins</strong></span> <span class='ocrx_word' id='word_1_71' title='bbox 756 914 930 992; x_wconf 88' lang='lat' dir='ltr'><strong>potissimum</strong></span> <span class='ocrx_word' id='word_1_72' title='bbox 946 911 1152 993; x_wconf 67' lang='lat' dir='ltr'><strong>depravatione</strong></span> <span class='ocrx_word' id='word_1_73' title='bbox 1168 913 1211 972; x_wconf 94' lang='lat' dir='ltr'><strong>illi</strong></span> <span class='ocrx_word' id='word_1_74' title='bbox 1225 931 1254 970; x_wconf 89' lang='lat' dir='ltr'><strong>se</strong></span> 
     </span>
     <span class='ocr_line' id='line_1_10' title="bbox 225 998 1255 1076; baseline -0.003 -18"><span class='ocrx_word' id='word_1_75' title='bbox 225 1001 344 1059; x_wconf 92' lang='lat' dir='ltr'><strong>anobis</strong></span> <span class='ocrx_word' id='word_1_76' title='bbox 363 999 506 1058; x_wconf 82' lang='lat' dir='ltr'><strong>defecisse</strong></span> <span class='ocrx_word' id='word_1_77' title='bbox 525 998 676 1070; x_wconf 86' lang='lat' dir='ltr'><strong>affirmant,</strong></span> <span class='ocrx_word' id='word_1_78' title='bbox 700 1000 860 1058; x_wconf 83' lang='lat' dir='ltr'><strong>restitutioa</strong></span> <span class='ocrx_word' id='word_1_79' title='bbox 884 1007 1047 1076; x_wconf 89' lang='lat' dir='ltr'><strong>utrumque,</strong></span> <span class='ocrx_word' id='word_1_80' title='bbox 1072 999 1255 1076; x_wconf 91' lang='lat' dir='ltr'><strong>quantumin</strong></span> 
     </span>
     <span class='ocr_line' id='line_1_11' title="bbox 226 1083 1255 1164; baseline -0.002 -22"><span class='ocrx_word' id='word_1_81' title='bbox 226 1085 308 1142; x_wconf 92' lang='lat' dir='ltr'><strong>nobis</strong></span> <span class='ocrx_word' id='word_1_82' title='bbox 326 1084 389 1155; x_wconf 83' lang='lat' dir='ltr'><strong>luit,</strong></span> <span class='ocrx_word' id='word_1_83' title='bbox 408 1104 461 1162; x_wconf 93' lang='lat' dir='ltr'><strong>pro</strong></span> <span class='ocrx_word' id='word_1_84' title='bbox 479 1094 638 1164; x_wconf 85' lang='lat' dir='ltr'><strong>temporum</strong></span> <span class='ocrx_word' id='word_1_85' title='bbox 652 1084 752 1144; x_wconf 88' lang='lat' dir='ltr'><strong>horum</strong></span> <span class='ocrx_word' id='word_1_86' title='bbox 766 1085 878 1143; x_wconf 88' lang='lat' dir='ltr'><strong>ratione</strong></span> <span class='ocrx_word' id='word_1_87' title='bbox 894 1084 1034 1142; x_wconf 87' lang='lat' dir='ltr'><strong>cumulate</strong></span> <span class='ocrx_word' id='word_1_88' title='bbox 1048 1083 1255 1162; x_wconf 78' lang='lat' dir='ltr'><strong>praestitimus.</strong></span> 
     </span>
     <span class='ocr_line' id='line_1_12' title="bbox 174 1166 1256 1248; baseline -0.001 -21"><span class='ocrx_word' id='word_1_89' title='bbox 174 1179 176 1186; x_wconf 82' lang='grc'>’</span> <span class='ocrx_word' id='word_1_90' title='bbox 310 1166 457 1248; x_wconf 90' lang='lat' dir='ltr'><strong>Principio</strong></span> <span class='ocrx_word' id='word_1_91' title='bbox 480 1171 564 1229; x_wconf 62' lang='lat' dir='ltr'><strong>enirnv</strong></span> <span class='ocrx_word' id='word_1_92' title='bbox 578 1179 677 1229; x_wconf 88' lang='lat' dir='ltr'><strong>sancta</strong></span> <span class='ocrx_word' id='word_1_93' title='bbox 699 1169 772 1229; x_wconf 82' lang='lat' dir='ltr'><strong>laacc</strong></span> <span class='ocrx_word' id='word_1_94' title='bbox 795 1167 921 1248; x_wconf 82' lang='lat' dir='ltr'><strong>synodus</strong></span> <span class='ocrx_word' id='word_1_95' title='bbox 950 1169 1040 1242; x_wconf 87' lang='lat' dir='ltr'><strong>(iacta</strong></span> <span class='ocrx_word' id='word_1_96' title='bbox 1061 1187 1098 1227; x_wconf 82' lang='lat' dir='ltr'><strong>ex</strong></span> <span class='ocrx_word' id='word_1_97' title='bbox 1117 1167 1256 1228; x_wconf 83' lang='lat' dir='ltr'><strong>laudabili</strong></span> 
     </span>
     <span class='ocr_line' id='line_1_13' title="bbox 223 1252 1256 1335; baseline 0.001 -23"><span class='ocrx_word' id='word_1_98' title='bbox 223 1258 363 1315; x_wconf 85' lang='lat' dir='ltr'><strong>maiorum</strong></span> <span class='ocrx_word' id='word_1_99' title='bbox 391 1264 554 1314; x_wconf 86' lang='lat' dir='ltr'><strong>nostrorum</strong></span> <span class='ocrx_word' id='word_1_100' title='bbox 583 1253 789 1315; x_wconf 87' lang='lat' dir='ltr'><strong>consuetudine</strong></span> <span class='ocrx_word' id='word_1_101' title='bbox 817 1273 886 1314; x_wconf 85' lang='lat' dir='ltr'><strong>snae</strong></span> <span class='ocrx_word' id='word_1_102' title='bbox 913 1253 981 1314; x_wconf 86' lang='lat' dir='ltr'><strong>fidei</strong></span> <span class='ocrx_word' id='word_1_103' title='bbox 1004 1252 1212 1335; x_wconf 72' lang='lat' dir='ltr'><strong>professione),</strong></span> <span class='ocrx_word' id='word_1_104' title='bbox 1228 1266 1256 1313; x_wconf 92' lang='lat' dir='ltr'><strong>nt</strong></span> 
     </span>
     <span class='ocr_line' id='line_1_14' title="bbox 224 1337 1256 1419; baseline -0.001 -20"><span class='ocrx_word' id='word_1_105' title='bbox 224 1337 367 1418; x_wconf 85' lang='lat' dir='ltr'><strong>quoddam</strong></span> <span class='ocrx_word' id='word_1_106' title='bbox 386 1341 466 1418; x_wconf 86' lang='lat' dir='ltr'><strong>quasi</strong></span> <span class='ocrx_word' id='word_1_107' title='bbox 483 1339 694 1400; x_wconf 79' lang='lat' dir='ltr'><strong>fundamentum</strong></span> <span class='ocrx_word' id='word_1_108' title='bbox 704 1342 807 1400; x_wconf 78' lang='lat' dir='ltr'><strong>futuris</strong></span> <span class='ocrx_word' id='word_1_109' title='bbox 825 1339 985 1400; x_wconf 88' lang='lat' dir='ltr'><strong>actionibus</strong></span> <span class='ocrx_word' id='word_1_110' title='bbox 994 1349 1131 1419; x_wconf 88' lang='lat' dir='ltr'><strong>poneret,</strong></span> <span class='ocrx_word' id='word_1_111' title='bbox 1152 1341 1256 1419; x_wconf 90' lang='lat' dir='ltr'><strong>etqui-</strong></span> 
     </span>
     <span class='ocr_line' id='line_1_15' title="bbox 223 1423 1256 1505; baseline -0.001 -21"><span class='ocrx_word' id='word_1_112' title='bbox 223 1425 277 1484; x_wconf 90' lang='lat' dir='ltr'><strong>bus</strong></span> <span class='ocrx_word' id='word_1_113' title='bbox 296 1424 466 1484; x_wconf 89' lang='lat' dir='ltr'><strong>testimoniis</strong></span> <span class='ocrx_word' id='word_1_114' title='bbox 489 1435 574 1504; x_wconf 90' lang='lat' dir='ltr'><strong>atque</strong></span> <span class='ocrx_word' id='word_1_115' title='bbox 596 1423 749 1505; x_wconf 86' lang='lat' dir='ltr'><strong>praesidiis</strong></span> <span class='ocrx_word' id='word_1_116' title='bbox 771 1426 801 1483; x_wconf 94' lang='lat' dir='ltr'><strong>in</strong></span> <span class='ocrx_word' id='word_1_117' title='bbox 824 1425 1004 1504; x_wconf 83' lang='lat' dir='ltr'><strong>dogmatibus</strong></span> <span class='ocrx_word' id='word_1_118' title='bbox 1026 1423 1195 1484; x_wconf 87' lang='lat' dir='ltr'><strong>sanciendis</strong></span> <span class='ocrx_word' id='word_1_119' title='bbox 1214 1427 1256 1483; x_wconf 94' lang='lat' dir='ltr'><strong>ni·</strong></span> 
     </span>
     <span class='ocr_line' id='line_1_16' title="bbox 224 1507 1254 1582; baseline 0.002 -14"><span class='ocrx_word' id='word_1_120' title='bbox 224 1507 340 1569; x_wconf 90' lang='lat' dir='ltr'><strong>tendum</strong></span> <span class='ocrx_word' id='word_1_121' title='bbox 360 1520 438 1569; x_wconf 91' lang='lat' dir='ltr'><strong>esset</strong></span> <span class='ocrx_word' id='word_1_122' title='bbox 465 1509 645 1582; x_wconf 87' lang='lat' dir='ltr'><strong>ostenderet,</strong></span> <span class='ocrx_word' id='word_1_123' title='bbox 670 1511 780 1572; x_wconf 88' lang='lat' dir='ltr'><strong>veteris</strong></span> <span class='ocrx_word' id='word_1_124' title='bbox 807 1531 842 1571; x_wconf 90' lang='lat' dir='ltr'><strong>ac</strong></span> <span class='ocrx_word' id='word_1_125' title='bbox 868 1513 934 1571; x_wconf 93' lang='lat' dir='ltr'><strong>novi</strong></span> <span class='ocrx_word' id='word_1_126' title='bbox 962 1511 1126 1569; x_wconf 87' lang='lat' dir='ltr'><strong>testamenti</strong></span> <span class='ocrx_word' id='word_1_127' title='bbox 1154 1510 1254 1580; x_wconf 90' lang='lat' dir='ltr'><strong>libros,</strong></span> 
     </span>
     <span class='ocr_line' id='line_1_17' title="bbox 220 1594 1255 1675; baseline 0 -21"><span class='ocrx_word' id='word_1_128' title='bbox 220 1597 272 1674; x_wconf 86' lang='lat' dir='ltr'><strong>¹qui</strong></span> <span class='ocrx_word' id='word_1_129' title='bbox 292 1605 390 1655; x_wconf 86' lang='lat' dir='ltr'><strong>essent</strong></span> <span class='ocrx_word' id='word_1_130' title='bbox 407 1596 468 1654; x_wconf 91' lang='lat' dir='ltr'><strong>sine</strong></span> <span class='ocrx_word' id='word_1_131' title='bbox 487 1596 546 1655; x_wconf 90' lang='lat' dir='ltr'><strong>ulla</strong></span> <span class='ocrx_word' id='word_1_132' title='bbox 564 1594 742 1657; x_wconf 84' lang='lat' dir='ltr'><strong>dubitatione</strong></span> <span class='ocrx_word' id='word_1_133' title='bbox 761 1595 933 1675; x_wconf 89' lang='lat' dir='ltr'><strong>recipiendi,</strong></span> <span class='ocrx_word' id='word_1_134' title='bbox 953 1597 1140 1674; x_wconf 87' lang='lat' dir='ltr'><strong>antiquorum</strong></span> <span class='ocrx_word' id='word_1_135' title='bbox 1154 1599 1255 1656; x_wconf 88' lang='lat' dir='ltr'><strong>conci-</strong></span> 
     </span>
     <span class='ocr_line' id='line_1_18' title="bbox 121 1678 1255 1762; baseline 0.002 -25"><span class='ocrx_word' id='word_1_136' title='bbox 121 1753 122 1758; x_wconf 11' lang='lat'><em>*</em></span> <span class='ocrx_word' id='word_1_137' title='bbox 225 1682 327 1738; x_wconf 90' lang='lat' dir='ltr'><strong>liorum</strong></span> <span class='ocrx_word' id='word_1_138' title='bbox 349 1680 617 1760; x_wconf 89' lang='lat' dir='ltr'><strong>probatissimorum</strong></span> <span class='ocrx_word' id='word_1_139' title='bbox 641 1681 772 1762; x_wconf 86' lang='lat' dir='ltr'><strong>exemplo</strong></span> <span class='ocrx_word' id='word_1_140' title='bbox 799 1682 846 1759; x_wconf 95' lang='lat' dir='ltr'><strong>pie</strong></span> <span class='ocrx_word' id='word_1_141' title='bbox 870 1692 900 1741; x_wconf 92' lang='lat' dir='ltr'><strong>ct</strong></span> <span class='ocrx_word' id='word_1_142' title='bbox 921 1678 1079 1760; x_wconf 88' lang='lat' dir='ltr'><strong>prudenter</strong></span> <span class='ocrx_word' id='word_1_143' title='bbox 1102 1699 1255 1741; x_wconf 90' lang='lat' dir='ltr'><strong>enumcra-</strong></span> 
     </span>
     <span class='ocr_line' id='line_1_19' title="bbox 223 1764 1254 1845; baseline 0 -21"><span class='ocrx_word' id='word_1_144' title='bbox 223 1767 278 1838; x_wconf 89' lang='lat' dir='ltr'><strong>vit;</strong></span> <span class='ocrx_word' id='word_1_145' title='bbox 298 1784 348 1836; x_wconf 87' lang='lat' dir='ltr'><strong>ac,</strong></span> <span class='ocrx_word' id='word_1_146' title='bbox 376 1784 412 1824; x_wconf 89' lang='lat' dir='ltr'><strong>ne</strong></span> <span class='ocrx_word' id='word_1_147' title='bbox 435 1764 471 1825; x_wconf 93' lang='lat' dir='ltr'><strong>de</strong></span> <span class='ocrx_word' id='word_1_148' title='bbox 494 1765 590 1826; x_wconf 90' lang='lat' dir='ltr'><strong>verbis</strong></span> <span class='ocrx_word' id='word_1_149' title='bbox 613 1765 726 1845; x_wconf 92' lang='lat' dir='ltr'><strong>quidem</strong></span> <span class='ocrx_word' id='word_1_150' title='bbox 749 1765 806 1824; x_wconf 90' lang='lat' dir='ltr'><strong>ulla</strong></span> <span class='ocrx_word' id='word_1_151' title='bbox 825 1785 862 1825; x_wconf 84' lang='lat' dir='ltr'><strong>ex</strong></span> <span class='ocrx_word' id='word_1_152' title='bbox 878 1767 965 1825; x_wconf 91' lang='lat' dir='ltr'><strong>variis</strong></span> <span class='ocrx_word' id='word_1_153' title='bbox 982 1765 1165 1827; x_wconf 89' lang='lat' dir='ltr'><strong>versionibus</strong></span> <span class='ocrx_word' id='word_1_154' title='bbox 1185 1768 1254 1826; x_wconf 87' lang='lat' dir='ltr'><strong>oriri</strong></span> 
     </span>
     <span class='ocr_line' id='line_1_20' title="bbox 222 1848 1254 1930; baseline 0 -22"><span class='ocrx_word' id='word_1_155' title='bbox 222 1861 323 1930; x_wconf 89' lang='lat' dir='ltr'><strong>posset</strong></span> <span class='ocrx_word' id='word_1_156' title='bbox 340 1848 501 1923; x_wconf 87' lang='lat' dir='ltr'><strong>difficultas,</strong></span> <span class='ocrx_word' id='word_1_157' title='bbox 521 1861 629 1911; x_wconf 88' lang='lat' dir='ltr'><strong>certam</strong></span> <span class='ocrx_word' id='word_1_158' title='bbox 648 1873 683 1911; x_wconf 91' lang='lat' dir='ltr'><strong>ae</strong></span> <span class='ocrx_word' id='word_1_159' title='bbox 702 1851 849 1910; x_wconf 92' lang='lat' dir='ltr'><strong>delinitam</strong></span> <span class='ocrx_word' id='word_1_160' title='bbox 867 1849 903 1910; x_wconf 91' lang='lat' dir='ltr'><strong>de</strong></span> <span class='ocrx_word' id='word_1_161' title='bbox 923 1849 1043 1911; x_wconf 86' lang='lat' dir='ltr'><strong>Graecis</strong></span> <span class='ocrx_word' id='word_1_162' title='bbox 1062 1860 1093 1910; x_wconf 89' lang='lat' dir='ltr'><strong>et</strong></span> <span class='ocrx_word' id='word_1_163' title='bbox 1111 1849 1254 1911; x_wconf 87' lang='lat' dir='ltr'><strong>Hebraeis</strong></span> 
     </span>
     <span class='ocr_line' id='line_1_21' title="bbox 109 1936 1253 2016; baseline 0 -22"><span class='ocrx_word' id='word_1_164' title='bbox 109 1949 115 1960; x_wconf 87' lang='lat'><strong><em>‘</em></strong></span> <span class='ocrx_word' id='word_1_165' title='bbox 224 1937 441 1996; x_wconf 86' lang='lat' dir='ltr'><strong>translationem</strong></span> <span class='ocrx_word' id='word_1_166' title='bbox 460 1936 639 2016; x_wconf 83' lang='lat' dir='ltr'><strong>approbavit.</strong></span> <span class='ocrx_word' id='word_1_167' title='bbox 676 1937 749 1996; x_wconf 86' lang='lat' dir='ltr'><strong>llinc</strong></span> <span class='ocrx_word' id='word_1_168' title='bbox 768 1937 891 1996; x_wconf 88' lang='lat' dir='ltr'><strong>omnium</strong></span> <span class='ocrx_word' id='word_1_169' title='bbox 910 1938 1059 1998; x_wconf 87' lang='lat' dir='ltr'><strong>haeresum</strong></span> <span class='ocrx_word' id='word_1_170' title='bbox 1070 1947 1158 2014; x_wconf 88' lang='lat' dir='ltr'><strong>caput</strong></span> <span class='ocrx_word' id='word_1_171' title='bbox 1168 1948 1253 2016; x_wconf 91' lang='lat' dir='ltr'><strong>atque</strong></span> 
     </span>
    </p>

    <p class='ocr_par' dir='ltr' id='par_1_3' title="bbox 110 2020 1316 3806">
     <span class='ocr_line' id='line_1_22' title="bbox 222 2020 1316 2101; baseline -0.002 -21"><span class='ocrx_word' id='word_1_172' title='bbox 222 2041 321 2080; x_wconf 83' lang='lat' dir='ltr'><strong>arcena</strong></span> <span class='ocrx_word' id='word_1_173' title='bbox 349 2020 523 2100; x_wconf 79' lang='lat' dir='ltr'><strong>aggrediens</strong></span> <span class='ocrx_word' id='word_1_174' title='bbox 551 2021 587 2082; x_wconf 89' lang='lat' dir='ltr'><strong>de</strong></span> <span class='ocrx_word' id='word_1_175' title='bbox 615 2023 755 2082; x_wconf 83' lang='lat' dir='ltr'><strong>hnmanae</strong></span> <span class='ocrx_word' id='word_1_176' title='bbox 782 2031 903 2081; x_wconf 89' lang='lat' dir='ltr'><strong>naturae</strong></span> <span class='ocrx_word' id='word_1_177' title='bbox 930 2023 1073 2101; x_wconf 85' lang='lat' dir='ltr'><strong>corruptis</strong></span> <span class='ocrx_word' id='word_1_178' title='bbox 1099 2023 1194 2081; x_wconf 92' lang='lat' dir='ltr'><strong>initiis</strong></span> <span class='ocrx_word' id='word_1_179' title='bbox 1222 2041 1253 2081; x_wconf 80' lang='lat' dir='ltr'><strong>ca</strong></span> <span class='ocrx_word' id='word_1_180' title='bbox 1315 2025 1316 2038; x_wconf 64' lang='lat'>¹</span> 
     </span>
     <span class='ocr_line' id='line_1_23' title="bbox 221 2107 1252 2187; baseline 0 -23"><span class='ocrx_word' id='word_1_181' title='bbox 221 2109 337 2177; x_wconf 83' lang='lat' dir='ltr'><strong>statuit,</strong></span> <span class='ocrx_word' id='word_1_182' title='bbox 365 2125 438 2186; x_wconf 87' lang='lat' dir='ltr'><strong>quae</strong></span> <span class='ocrx_word' id='word_1_183' title='bbox 460 2109 569 2168; x_wconf 87' lang='lat' dir='ltr'><strong>veritas</strong></span> <span class='ocrx_word' id='word_1_184' title='bbox 590 2109 666 2187; x_wconf 91' lang='lat' dir='ltr'><strong>ipsa,</strong></span> <span class='ocrx_word' id='word_1_185' title='bbox 695 2109 718 2167; x_wconf 91' lang='lat' dir='ltr'><strong>si</strong></span> <span class='ocrx_word' id='word_1_186' title='bbox 737 2107 815 2186; x_wconf 80' lang='lat' dir='ltr'><strong>loqui</strong></span> <span class='ocrx_word' id='word_1_187' title='bbox 837 2118 949 2187; x_wconf 90' lang='lat' dir='ltr'><strong>posset,</strong></span> <span class='ocrx_word' id='word_1_188' title='bbox 975 2108 1163 2186; x_wconf 80' lang='lat' dir='ltr'><strong>exprimeret.</strong></span> <span class='ocrx_word' id='word_1_189' title='bbox 1213 2107 1252 2166; x_wconf 89' lang='lat' dir='ltr'><strong>De</strong></span> 
     </span>
     <span class='ocr_line' id='line_1_24' title="bbox 223 2191 1252 2272; baseline 0.002 -24"><span class='ocrx_word' id='word_1_190' title='bbox 223 2192 429 2254; x_wconf 74' lang='lat' dir='ltr'><strong>iustificatione</strong></span> <span class='ocrx_word' id='word_1_191' title='bbox 448 2191 587 2272; x_wconf 83' lang='lat' dir='ltr'><strong>deinceps</strong></span> <span class='ocrx_word' id='word_1_192' title='bbox 611 2198 671 2267; x_wconf 83' lang='lat' dir='ltr'><strong>(res</strong></span> <span class='ocrx_word' id='word_1_193' title='bbox 689 2211 806 2270; x_wconf 81' lang='lat' dir='ltr'><strong>magna,</strong></span> <span class='ocrx_word' id='word_1_194' title='bbox 831 2203 862 2256; x_wconf 89' lang='lat' dir='ltr'><strong>et</strong></span> <span class='ocrx_word' id='word_1_195' title='bbox 880 2213 942 2254; x_wconf 90' lang='lat' dir='ltr'><strong>cnm</strong></span> <span class='ocrx_word' id='word_1_196' title='bbox 962 2194 996 2252; x_wconf 90' lang='lat' dir='ltr'><strong>ab</strong></span> <span class='ocrx_word' id='word_1_197' title='bbox 1015 2194 1139 2271; x_wconf 87' lang='lat' dir='ltr'><strong>antiquis</strong></span> <span class='ocrx_word' id='word_1_198' title='bbox 1159 2202 1252 2254; x_wconf 87' lang='lat' dir='ltr'><strong>tuma</strong></span> 
     </span>
     <span class='ocr_line' id='line_1_25' title="bbox 162 2276 1253 2356; baseline 0.002 -22"><span class='ocrx_word' id='word_1_199' title='bbox 162 2317 166 2324; x_wconf 79' lang='lat'>·</span> <span class='ocrx_word' id='word_1_200' title='bbox 221 2279 314 2336; x_wconf 84' lang='lat' dir='ltr'><strong>nostri</strong></span> <span class='ocrx_word' id='word_1_201' title='bbox 332 2279 470 2356; x_wconf 87' lang='lat' dir='ltr'><strong>temporis</strong></span> <span class='ocrx_word' id='word_1_202' title='bbox 488 2279 645 2338; x_wconf 86' lang='lat' dir='ltr'><strong>haereticis</strong></span> <span class='ocrx_word' id='word_1_203' title='bbox 663 2284 762 2338; x_wconf 80' lang='lat' dir='ltr'><strong>minnan</strong></span> <span class='ocrx_word' id='word_1_204' title='bbox 779 2279 809 2338; x_wconf 87' lang='lat' dir='ltr'><strong>in</strong></span> <span class='ocrx_word' id='word_1_205' title='bbox 827 2276 941 2338; x_wconf 82' lang='lat' dir='ltr'><strong>modum</strong></span> <span class='ocrx_word' id='word_1_206' title='bbox 960 2287 1135 2356; x_wconf 80' lang='lat' dir='ltr'><strong>oppugnata)</strong></span> <span class='ocrx_word' id='word_1_207' title='bbox 1154 2297 1194 2338; x_wconf 90' lang='lat' dir='ltr'><strong>ea</strong></span> <span class='ocrx_word' id='word_1_208' title='bbox 1205 2277 1253 2336; x_wconf 90' lang='lat' dir='ltr'><strong>dc-</strong></span> 
     </span>
     <span class='ocr_line' id='line_1_26' title="bbox 153 2357 1252 2442; baseline 0.002 -22"><span class='ocrx_word' id='word_1_209' title='bbox 153 2357 161 2366; x_wconf 78' lang='lat'>&#39;</span> <span class='ocrx_word' id='word_1_210' title='bbox 222 2362 329 2432; x_wconf 84' lang='lat' dir='ltr'><strong>linivit,</strong></span> <span class='ocrx_word' id='word_1_211' title='bbox 356 2363 458 2439; x_wconf 87' lang='lat' dir='ltr'><strong>quibus</strong></span> <span class='ocrx_word' id='word_1_212' title='bbox 485 2374 515 2422; x_wconf 90' lang='lat' dir='ltr'><strong>et</strong></span> <span class='ocrx_word' id='word_1_213' title='bbox 541 2364 791 2442; x_wconf 88' lang='lat' dir='ltr'><strong>perniciosissimis</strong></span> <span class='ocrx_word' id='word_1_214' title='bbox 818 2383 859 2424; x_wconf 84' lang='lat' dir='ltr'><strong>eo.</strong></span> <span class='ocrx_word' id='word_1_215' title='bbox 877 2365 905 2423; x_wconf 92' lang='lat' dir='ltr'><strong>in</strong></span> <span class='ocrx_word' id='word_1_216' title='bbox 933 2383 1040 2442; x_wconf 82' lang='lat' dir='ltr'><strong>genere</strong></span> <span class='ocrx_word' id='word_1_217' title='bbox 1069 2363 1252 2442; x_wconf 88' lang='lat' dir='ltr'><strong>opinionibus</strong></span> 
     </span>
     <span class='ocr_line' id='line_1_27' title="bbox 221 2445 1251 2527; baseline 0.003 -24"><span class='ocrx_word' id='word_1_218' title='bbox 221 2456 444 2517; x_wconf 83' lang='lat' dir='ltr'><strong>occurreretur,</strong></span> <span class='ocrx_word' id='word_1_219' title='bbox 472 2456 503 2506; x_wconf 90' lang='lat' dir='ltr'><strong>et</strong></span> <span class='ocrx_word' id='word_1_220' title='bbox 528 2457 611 2506; x_wconf 89' lang='lat' dir='ltr'><strong>recte</strong></span> <span class='ocrx_word' id='word_1_221' title='bbox 638 2447 780 2506; x_wconf 88' lang='lat' dir='ltr'><strong>sentiendi</strong></span> <span class='ocrx_word' id='word_1_222' title='bbox 805 2450 880 2508; x_wconf 86' lang='lat' dir='ltr'><strong>ratio</strong></span> <span class='ocrx_word' id='word_1_223' title='bbox 907 2450 979 2508; x_wconf 87' lang='lat' dir='ltr'><strong>miro</strong></span> <span class='ocrx_word' id='word_1_224' title='bbox 998 2445 1120 2527; x_wconf 89' lang='lat' dir='ltr'><strong>quodam</strong></span> <span class='ocrx_word' id='word_1_225' title='bbox 1149 2447 1251 2508; x_wconf 92' lang='lat' dir='ltr'><strong>ordine</strong></span> 
     </span>
     <span class='ocr_line' id='line_1_28' title="bbox 150 2528 1251 2614; baseline 0.005 -27"><span class='ocrx_word' id='word_1_226' title='bbox 150 2600 152 2604; x_wconf 66' lang='lat'><strong>,</strong></span> <span class='ocrx_word' id='word_1_227' title='bbox 223 2540 309 2608; x_wconf 86' lang='lat' dir='ltr'><strong>atque</strong></span> <span class='ocrx_word' id='word_1_228' title='bbox 331 2528 490 2590; x_wconf 86' lang='lat' dir='ltr'><strong>admirabili</strong></span> <span class='ocrx_word' id='word_1_229' title='bbox 510 2532 653 2610; x_wconf 88' lang='lat' dir='ltr'><strong>sapientia</strong></span> <span class='ocrx_word' id='word_1_230' title='bbox 676 2539 720 2605; x_wconf 84' lang='lat' dir='ltr'><strong>(ut</strong></span> <span class='ocrx_word' id='word_1_231' title='bbox 739 2533 769 2592; x_wconf 92' lang='lat' dir='ltr'><strong>in</strong></span> <span class='ocrx_word' id='word_1_232' title='bbox 788 2532 844 2592; x_wconf 90' lang='lat' dir='ltr'><strong>illis</strong></span> <span class='ocrx_word' id='word_1_233' title='bbox 866 2533 920 2598; x_wconf 87' lang='lat' dir='ltr'><strong>Dei</strong></span> <span class='ocrx_word' id='word_1_234' title='bbox 939 2531 1073 2614; x_wconf 86' lang='lat' dir='ltr'><strong>Spiritum</strong></span> <span class='ocrx_word' id='word_1_235' title='bbox 1092 2534 1182 2594; x_wconf 81' lang='lat' dir='ltr'><strong>facile</strong></span> <span class='ocrx_word' id='word_1_236' title='bbox 1203 2554 1251 2613; x_wconf 83' lang='lat' dir='ltr'><strong>ag-</strong></span> 
     </span>
     <span class='ocr_line' id='line_1_29' title="bbox 223 2614 1251 2702; baseline 0.007 -30"><span class='ocrx_word' id='word_1_237' title='bbox 223 2621 340 2688; x_wconf 85' lang='lat' dir='ltr'><strong>noscas)</strong></span> <span class='ocrx_word' id='word_1_238' title='bbox 365 2614 620 2677; x_wconf 87' lang='lat' dir='ltr'><strong>demonstraretur.</strong></span> <span class='ocrx_word' id='word_1_239' title='bbox 659 2615 917 2680; x_wconf 72' lang='lat' dir='ltr'><strong>vPraestantissimo</strong></span> <span class='ocrx_word' id='word_1_240' title='bbox 939 2619 996 2678; x_wconf 89' lang='lat' dir='ltr'><strong>boc</strong></span> <span class='ocrx_word' id='word_1_241' title='bbox 1018 2629 1083 2702; x_wconf 86' lang='lat' dir='ltr'><strong>post</strong></span> <span class='ocrx_word' id='word_1_242' title='bbox 1105 2617 1251 2678; x_wconf 82' lang='lat' dir='ltr'><strong>hominum</strong></span> 
     </span>
     <span class='ocr_line' id='line_1_30' title="bbox 222 2696 1251 2784; baseline 0.004 -26"><span class='ocrx_word' id='word_1_243' title='bbox 222 2702 388 2760; x_wconf 82' lang='lat' dir='ltr'><strong>memoriam</strong></span> <span class='ocrx_word' id='word_1_244' title='bbox 402 2696 525 2761; x_wconf 87' lang='lat' dir='ltr'><strong>decreto</strong></span> <span class='ocrx_word' id='word_1_245' title='bbox 537 2702 675 2764; x_wconf 84' lang='lat' dir='ltr'><strong>haereses</strong></span> <span class='ocrx_word' id='word_1_246' title='bbox 692 2704 755 2764; x_wconf 83' lang='lat' dir='ltr'><strong>tenc</strong></span> <span class='ocrx_word' id='word_1_247' title='bbox 766 2704 915 2764; x_wconf 87' lang='lat' dir='ltr'><strong>universae</strong></span> <span class='ocrx_word' id='word_1_248' title='bbox 928 2704 1099 2782; x_wconf 78' lang='lat' dir='ltr'><strong>iugulantur,</strong></span> <span class='ocrx_word' id='word_1_249' title='bbox 1118 2715 1159 2776; x_wconf 91' lang='lat' dir='ltr'><strong>et,</strong></span> <span class='ocrx_word' id='word_1_250' title='bbox 1170 2707 1251 2784; x_wconf 90' lang='lat' dir='ltr'><strong>qnasi</strong></span> 
     </span>
     <span class='ocr_line' id='line_1_31' title="bbox 223 2784 1249 2869; baseline 0.003 -24"><span class='ocrx_word' id='word_1_251' title='bbox 223 2787 318 2864; x_wconf 83' lang='lat' dir='ltr'><strong>caligo</strong></span> <span class='ocrx_word' id='word_1_252' title='bbox 338 2787 410 2857; x_wconf 88' lang='lat' dir='ltr'><strong>sele,</strong></span> <span class='ocrx_word' id='word_1_253' title='bbox 429 2784 621 2848; x_wconf 81' lang='lat' dir='ltr'><strong>disentiamtur</strong></span> <span class='ocrx_word' id='word_1_254' title='bbox 636 2809 672 2850; x_wconf 87' lang='lat' dir='ltr'><strong>ae</strong></span> <span class='ocrx_word' id='word_1_255' title='bbox 688 2788 893 2868; x_wconf 88' lang='lat' dir='ltr'><strong>dispellnutur,</strong></span> <span class='ocrx_word' id='word_1_256' title='bbox 912 2808 1003 2868; x_wconf 88' lang='lat' dir='ltr'><strong>eaque</strong></span> <span class='ocrx_word' id='word_1_257' title='bbox 1022 2791 1149 2862; x_wconf 82' lang='lat' dir='ltr'><strong>claritas,</strong></span> <span class='ocrx_word' id='word_1_258' title='bbox 1169 2793 1249 2869; x_wconf 89' lang='lat' dir='ltr'><strong>isque</strong></span> 
     </span>
     <span class='ocr_line' id='line_1_32' title="bbox 220 2871 1251 2954; baseline 0.006 -23"><span class='ocrx_word' id='word_1_259' title='bbox 220 2871 360 2951; x_wconf 84' lang='lat' dir='ltr'><strong>splendor</strong></span> <span class='ocrx_word' id='word_1_260' title='bbox 375 2874 506 2934; x_wconf 86' lang='lat' dir='ltr'><strong>veritatis</strong></span> <span class='ocrx_word' id='word_1_261' title='bbox 523 2886 660 2954; x_wconf 88' lang='lat' dir='ltr'><strong>apparet,</strong></span> <span class='ocrx_word' id='word_1_262' title='bbox 679 2885 711 2934; x_wconf 93' lang='lat' dir='ltr'><strong>nt</strong></span> <span class='ocrx_word' id='word_1_263' title='bbox 728 2885 835 2938; x_wconf 78' lang='lat' dir='ltr'><strong>tantum</strong></span> <span class='ocrx_word' id='word_1_264' title='bbox 854 2874 947 2936; x_wconf 89' lang='lat' dir='ltr'><strong>lumen</strong></span> <span class='ocrx_word' id='word_1_265' title='bbox 967 2876 1032 2954; x_wconf 90' lang='lat' dir='ltr'><strong>quin</strong></span> <span class='ocrx_word' id='word_1_266' title='bbox 1050 2873 1149 2934; x_wconf 85' lang='lat' dir='ltr'><strong>videat</strong></span> <span class='ocrx_word' id='word_1_267' title='bbox 1166 2875 1251 2936; x_wconf 87' lang='lat' dir='ltr'><strong>dissi-</strong></span> 
     </span>
     <span class='ocr_line' id='line_1_33' title="bbox 222 2957 1248 3040; baseline 0.003 -24"><span class='ocrx_word' id='word_1_268' title='bbox 222 2958 330 3022; x_wconf 84' lang='lat' dir='ltr'><strong>mulare</strong></span> <span class='ocrx_word' id='word_1_269' title='bbox 348 2960 404 3017; x_wconf 90' lang='lat' dir='ltr'><strong>iam</strong></span> <span class='ocrx_word' id='word_1_270' title='bbox 423 2979 506 3022; x_wconf 70' lang='lat' dir='ltr'><strong>mmo</strong></span> <span class='ocrx_word' id='word_1_271' title='bbox 524 2963 624 3039; x_wconf 87' lang='lat' dir='ltr'><strong>possit.</strong></span> <span class='ocrx_word' id='word_1_272' title='bbox 671 2957 831 3024; x_wconf 78' lang='lat' dir='ltr'><strong>subsecuta</strong></span> <span class='ocrx_word' id='word_1_273' title='bbox 854 2971 900 3020; x_wconf 86' lang='lat' dir='ltr'><strong>est</strong></span> <span class='ocrx_word' id='word_1_274' title='bbox 920 2962 1053 3022; x_wconf 83' lang='lat' dir='ltr'><strong>salutaris</strong></span> <span class='ocrx_word' id='word_1_275' title='bbox 1074 2971 1188 3040; x_wconf 85' lang='lat' dir='ltr'><strong>septem</strong></span> <span class='ocrx_word' id='word_1_276' title='bbox 1208 2961 1248 3020; x_wconf 92' lang='lat' dir='ltr'><strong>di·</strong></span> 
     </span>
     <span class='ocr_line' id='line_1_34' title="bbox 167 3045 1248 3124; baseline 0.002 -22"><span class='ocrx_word' id='word_1_277' title='bbox 167 3062 207 3103; x_wconf 71' lang='grc' dir='ltr'><strong>ιιι</strong></span> <span class='ocrx_word' id='word_1_278' title='bbox 221 3045 351 3102; x_wconf 86' lang='lat' dir='ltr'><strong>vinorum</strong></span> <span class='ocrx_word' id='word_1_279' title='bbox 370 3045 513 3104; x_wconf 84' lang='lat' dir='ltr'><strong>eeclesiae</strong></span> <span class='ocrx_word' id='word_1_280' title='bbox 534 3056 779 3116; x_wconf 70' lang='lat' dir='ltr'><strong>sacramentorum</strong></span> <span class='ocrx_word' id='word_1_281' title='bbox 800 3047 949 3120; x_wconf 63' lang='lat' dir='ltr'><strong>macedo:</strong></span> <span class='ocrx_word' id='word_1_282' title='bbox 972 3047 1091 3124; x_wconf 85' lang='lat' dir='ltr'><strong>primum</strong></span> <span class='ocrx_word' id='word_1_283' title='bbox 1109 3047 1195 3106; x_wconf 87' lang='lat' dir='ltr'><strong>simul</strong></span> <span class='ocrx_word' id='word_1_284' title='bbox 1215 3045 1248 3106; x_wconf 90' lang='lat' dir='ltr'><strong>dc</strong></span> 
     </span>
     <span class='ocr_line' id='line_1_35' title="bbox 222 3129 1248 3212; baseline 0.005 -27"><span class='ocrx_word' id='word_1_285' title='bbox 222 3129 365 3200; x_wconf 67' lang='lat' dir='ltr'><strong>omnibns,</strong></span> <span class='ocrx_word' id='word_1_286' title='bbox 393 3140 459 3206; x_wconf 88' lang='lat' dir='ltr'><strong>post</strong></span> <span class='ocrx_word' id='word_1_287' title='bbox 482 3129 518 3190; x_wconf 88' lang='lat' dir='ltr'><strong>dc</strong></span> <span class='ocrx_word' id='word_1_288' title='bbox 539 3149 713 3212; x_wconf 81' lang='lat' dir='ltr'><strong>unoquoque</strong></span> <span class='ocrx_word' id='word_1_289' title='bbox 736 3132 899 3210; x_wconf 80' lang='lat' dir='ltr'><strong>separatim.</strong></span> <span class='ocrx_word' id='word_1_290' title='bbox 945 3131 998 3196; x_wconf 78' lang='lat' dir='ltr'><strong>llic</strong></span> <span class='ocrx_word' id='word_1_291' title='bbox 1020 3150 1091 3192; x_wconf 88' lang='lat' dir='ltr'><strong>vero</strong></span> <span class='ocrx_word' id='word_1_292' title='bbox 1110 3133 1173 3210; x_wconf 87' lang='lat' dir='ltr'><strong>quis</strong></span> <span class='ocrx_word' id='word_1_293' title='bbox 1192 3151 1248 3190; x_wconf 90' lang='lat' dir='ltr'><strong>non</strong></span> 
     </span>
     <span class='ocr_line' id='line_1_36' title="bbox 220 3211 1249 3296; baseline 0.002 -25"><span class='ocrx_word' id='word_1_294' title='bbox 220 3211 312 3284; x_wconf 89' lang='lat' dir='ltr'><strong>videt,</strong></span> <span class='ocrx_word' id='word_1_295' title='bbox 338 3233 422 3293; x_wconf 88' lang='lat' dir='ltr'><strong>qaam</strong></span> <span class='ocrx_word' id='word_1_296' title='bbox 450 3213 598 3286; x_wconf 90' lang='lat' dir='ltr'><strong>distincte,</strong></span> <span class='ocrx_word' id='word_1_297' title='bbox 626 3217 782 3296; x_wconf 80' lang='lat' dir='ltr'><strong>explicate,</strong></span> <span class='ocrx_word' id='word_1_298' title='bbox 815 3215 1006 3289; x_wconf 81' lang='lat' dir='ltr'><strong>abundanter,</strong></span> <span class='ocrx_word' id='word_1_299' title='bbox 1034 3217 1192 3276; x_wconf 89' lang='lat' dir='ltr'><strong>illuminate</strong></span> <span class='ocrx_word' id='word_1_300' title='bbox 1221 3226 1249 3276; x_wconf 88' lang='lat' dir='ltr'><strong>ct</strong></span> 
     </span>
     <span class='ocr_line' id='line_1_37' title="bbox 222 3297 1246 3380; baseline 0.003 -23"><span class='ocrx_word' id='word_1_301' title='bbox 222 3297 311 3377; x_wconf 91' lang='lat' dir='ltr'><strong>(quod</strong></span> <span class='ocrx_word' id='word_1_302' title='bbox 338 3309 425 3378; x_wconf 89' lang='lat' dir='ltr'><strong>capnt</strong></span> <span class='ocrx_word' id='word_1_303' title='bbox 451 3305 506 3374; x_wconf 90' lang='lat' dir='ltr'><strong>est)</strong></span> <span class='ocrx_word' id='word_1_304' title='bbox 538 3319 607 3360; x_wconf 89' lang='lat' dir='ltr'><strong>vere</strong></span> <span class='ocrx_word' id='word_1_305' title='bbox 635 3312 696 3360; x_wconf 89' lang='lat' dir='ltr'><strong>tota</strong></span> <span class='ocrx_word' id='word_1_306' title='bbox 723 3302 891 3362; x_wconf 81' lang='lat' dir='ltr'><strong>coelestium</strong></span> <span class='ocrx_word' id='word_1_307' title='bbox 919 3303 1019 3364; x_wconf 86' lang='lat' dir='ltr'><strong>borum</strong></span> <span class='ocrx_word' id='word_1_308' title='bbox 1046 3303 1246 3380; x_wconf 80' lang='lat' dir='ltr'><strong>mysteriorum</strong></span> 
     </span>
     <span class='ocr_line' id='line_1_38' title="bbox 220 3379 1247 3467; baseline 0.001 -25"><span class='ocrx_word' id='word_1_309' title='bbox 220 3386 296 3443; x_wconf 87' lang='lat' dir='ltr'><strong>ratio</strong></span> <span class='ocrx_word' id='word_1_310' title='bbox 315 3384 513 3446; x_wconf 73' lang='lat' dir='ltr'><strong>contineatur?</strong></span> <span class='ocrx_word' id='word_1_311' title='bbox 540 3386 608 3459; x_wconf 84' lang='lat' dir='ltr'><strong>Qnis</strong></span> <span class='ocrx_word' id='word_1_312' title='bbox 630 3386 659 3447; x_wconf 94' lang='lat' dir='ltr'><strong>in</strong></span> <span class='ocrx_word' id='word_1_313' title='bbox 682 3397 739 3446; x_wconf 82' lang='lat' dir='ltr'><strong>tam</strong></span> <span class='ocrx_word' id='word_1_314' title='bbox 762 3407 866 3464; x_wconf 80' lang='lat' dir='ltr'><strong>magna</strong></span> <span class='ocrx_word' id='word_1_315' title='bbox 888 3379 1091 3467; x_wconf 84' lang='lat' dir='ltr'><strong>multiplicique</strong></span> <span class='ocrx_word' id='word_1_316' title='bbox 1114 3385 1247 3450; x_wconf 85' lang='lat' dir='ltr'><strong>doctrina</strong></span> 
     </span>
     <span class='ocr_line' id='line_1_39' title="bbox 219 3467 1246 3552; baseline 0.004 -26"><span class='ocrx_word' id='word_1_317' title='bbox 219 3467 288 3544; x_wconf 89' lang='lat' dir='ltr'><strong>qnid</strong></span> <span class='ocrx_word' id='word_1_318' title='bbox 306 3479 355 3528; x_wconf 89' lang='lat' dir='ltr'><strong>aut</strong></span> <span class='ocrx_word' id='word_1_319' title='bbox 372 3469 546 3548; x_wconf 78' lang='lat' dir='ltr'><strong>sequendum</strong></span> <span class='ocrx_word' id='word_1_320' title='bbox 565 3481 614 3532; x_wconf 90' lang='lat' dir='ltr'><strong>ant</strong></span> <span class='ocrx_word' id='word_1_321' title='bbox 631 3471 794 3550; x_wconf 82' lang='lat' dir='ltr'><strong>fugiendum</strong></span> <span class='ocrx_word' id='word_1_322' title='bbox 818 3473 856 3531; x_wconf 91' lang='lat' dir='ltr'><strong>sit</strong></span> <span class='ocrx_word' id='word_1_323' title='bbox 872 3481 969 3552; x_wconf 90' lang='lat' dir='ltr'><strong>potest</strong></span> <span class='ocrx_word' id='word_1_324' title='bbox 987 3472 1045 3532; x_wconf 93' lang='lat' dir='ltr'><strong>ullo</strong></span> <span class='ocrx_word' id='word_1_325' title='bbox 1064 3469 1149 3532; x_wconf 90' lang='lat' dir='ltr'><strong>modo</strong></span> <span class='ocrx_word' id='word_1_326' title='bbox 1169 3470 1246 3532; x_wconf 91' lang='lat' dir='ltr'><strong>desi-</strong></span> 
     </span>
     <span class='ocr_line' id='line_1_40' title="bbox 219 3551 1244 3625; baseline 0.006 -15"><span class='ocrx_word' id='word_1_327' title='bbox 219 3551 343 3612; x_wconf 79' lang='lat' dir='ltr'><strong>deraret</strong></span> <span class='ocrx_word' id='word_1_328' title='bbox 378 3553 448 3625; x_wconf 81' lang='lat' dir='ltr'><strong>Quis</strong></span> <span class='ocrx_word' id='word_1_329' title='bbox 470 3557 499 3618; x_wconf 88' lang='lat' dir='ltr'><strong>in</strong></span> <span class='ocrx_word' id='word_1_330' title='bbox 520 3557 577 3618; x_wconf 89' lang='lat' dir='ltr'><strong>illis</strong></span> <span class='ocrx_word' id='word_1_331' title='bbox 595 3557 728 3623; x_wconf 56' lang='lat' dir='ltr'><strong>,omnbus</strong></span> <span class='ocrx_word' id='word_1_332' title='bbox 751 3555 866 3618; x_wconf 88' lang='lat' dir='ltr'><strong>errandi</strong></span> <span class='ocrx_word' id='word_1_333' title='bbox 884 3559 978 3620; x_wconf 87' lang='lat' dir='ltr'><strong>locum</strong></span> <span class='ocrx_word' id='word_1_334' title='bbox 996 3568 1045 3618; x_wconf 84' lang='lat' dir='ltr'><strong>ant</strong></span> <span class='ocrx_word' id='word_1_335' title='bbox 1063 3558 1244 3618; x_wconf 83' lang='lat' dir='ltr'><strong>occasionem</strong></span> 
     </span>
     <span class='ocr_line' id='line_1_41' title="bbox 110 3638 1244 3721; baseline 0.005 -27"><span class='ocrx_word' id='word_1_336' title='bbox 110 3675 112 3680; x_wconf 91' lang='lat'>-</span> <span class='ocrx_word' id='word_1_337' title='bbox 219 3638 365 3698; x_wconf 72' lang='lat' dir='ltr'><strong>inveniet?</strong></span> <span class='ocrx_word' id='word_1_338' title='bbox 399 3641 468 3710; x_wconf 74' lang='lat' dir='ltr'><strong>lluis</strong></span> <span class='ocrx_word' id='word_1_339' title='bbox 495 3640 617 3721; x_wconf 86' lang='lat' dir='ltr'><strong>deniqne</strong></span> <span class='ocrx_word' id='word_1_340' title='bbox 645 3641 681 3705; x_wconf 88' lang='lat' dir='ltr'><strong>de</strong></span> <span class='ocrx_word' id='word_1_341' title='bbox 707 3653 950 3706; x_wconf 83' lang='lat' dir='ltr'><strong>sacramentorum</strong></span> <span class='ocrx_word' id='word_1_342' title='bbox 977 3643 1078 3706; x_wconf 88' lang='lat' dir='ltr'><strong>borum</strong></span> <span class='ocrx_word' id='word_1_343' title='bbox 1103 3645 1131 3702; x_wconf 92' lang='lat' dir='ltr'><strong>vi</strong></span> <span class='ocrx_word' id='word_1_344' title='bbox 1159 3653 1244 3721; x_wconf 84' lang='lat' dir='ltr'><strong>atquc</strong></span> 
     </span>
     <span class='ocr_line' id='line_1_42' title="bbox 219 3720 1244 3806; baseline 0.007 -28"><span class='ocrx_word' id='word_1_345' title='bbox 219 3723 325 3780; x_wconf 86' lang='lat' dir='ltr'><strong>virtute</strong></span> <span class='ocrx_word' id='word_1_346' title='bbox 344 3720 475 3784; x_wconf 88' lang='lat' dir='ltr'><strong>dubitare</strong></span> <span class='ocrx_word' id='word_1_347' title='bbox 493 3727 521 3786; x_wconf 87' lang='lat' dir='ltr'><strong>in</strong></span> <span class='ocrx_word' id='word_1_348' title='bbox 539 3737 683 3806; x_wconf 88' lang='lat' dir='ltr'><strong>posterum</strong></span> <span class='ocrx_word' id='word_1_349' title='bbox 698 3729 814 3804; x_wconf 87' lang='lat' dir='ltr'><strong>poterit,</strong></span> <span class='ocrx_word' id='word_1_350' title='bbox 833 3747 916 3806; x_wconf 87' lang='lat' dir='ltr'><strong>quum</strong></span> <span class='ocrx_word' id='word_1_351' title='bbox 931 3731 1051 3806; x_wconf 60' lang='lat' dir='ltr'><strong>matiam</strong></span> <span class='ocrx_word' id='word_1_352' title='bbox 1065 3726 1153 3800; x_wconf 87' lang='lat' dir='ltr'><strong>illam,</strong></span> <span class='ocrx_word' id='word_1_353' title='bbox 1173 3745 1244 3806; x_wconf 84' lang='lat' dir='ltr'><strong>quae</strong></span> 
     </span>
    </p>

    <p class='ocr_par' dir='ltr' id='par_1_4' title="bbox 127 3806 1316 3944">
     <span class='ocr_line' id='line_1_43' title="bbox 127 3806 1245 3892; baseline 0.01 -31"><span class='ocrx_word' id='word_1_354' title='bbox 127 3855 130 3867; x_wconf 17' lang='grc' dir='ltr'>λ</span> <span class='ocrx_word' id='word_1_355' title='bbox 219 3806 276 3864; x_wconf 85' lang='lat' dir='ltr'><strong>illis</strong></span> <span class='ocrx_word' id='word_1_356' title='bbox 289 3807 358 3884; x_wconf 86' lang='lat' dir='ltr'><strong>ipsis</strong></span> <span class='ocrx_word' id='word_1_357' title='bbox 373 3807 538 3885; x_wconf 84' lang='lat' dir='ltr'><strong>quibusdam</strong></span> <span class='ocrx_word' id='word_1_358' title='bbox 553 3814 632 3890; x_wconf 87' lang='lat' dir='ltr'><strong>quasi</strong></span> <span class='ocrx_word' id='word_1_359' title='bbox 646 3811 797 3876; x_wconf 82' lang='lat' dir='ltr'><strong>stillicidiis</strong></span> <span class='ocrx_word' id='word_1_360' title='bbox 811 3813 841 3876; x_wconf 85' lang='lat' dir='ltr'><strong>in</strong></span> <span class='ocrx_word' id='word_1_361' title='bbox 855 3813 976 3883; x_wconf 80' lang='lat' dir='ltr'><strong>bdelium</strong></span> <span class='ocrx_word' id='word_1_362' title='bbox 993 3811 1120 3892; x_wconf 89' lang='lat' dir='ltr'><strong>quotidie</strong></span> <span class='ocrx_word' id='word_1_363' title='bbox 1135 3823 1245 3876; x_wconf 81' lang='lat' dir='ltr'><strong>mentes</strong></span> 
     </span>
    </p>
   </div>
   <div class='ocr_carea' id='block_1_3' title="bbox 0 0 1332 4334">
    <p class='ocr_par' dir='ltr' id='par_1_5' title="bbox 0 0 1332 4334">
     <span class='ocr_line' id='line_1_44' title="bbox 0 0 1332 4334; baseline 0 1"><span class='ocrx_word' id='word_1_364' title='bbox 0 0 1332 4334; x_wconf 95' lang='lat' dir='ltr'><strong> </strong></span> 
     </span>
    </p>
   </div>
  </div>
 </body>
</html>
