2654 4334
264 295 428 350 sessio
456 289 544 349 xxv}
580 295 639 347 nn
660 253 932 350 asscensu.
1029 297 1105 374 nou

70 457 175 499 carum
193 438 374 498 sanctionum
399 437 493 498 iactae
513 437 627 498 omniuo
647 446 833 510 censeantur,
861 455 915 498 nec
935 437 1105 502 collationes
1208 481 1213 490 -

69 535 195 584 secutae
213 524 315 600 vigore
333 521 493 582 huiusmodi
511 522 745 602 resignationum,
765 542 815 583 seu
835 523 955 584 aliarum
973 543 1105 603 quarum-

70 629 200 689 cunque,
220 628 293 688 quae
311 611 341 668 in
359 607 489 670 fraudem
508 609 603 669 laetae
621 609 742 680 inerim,
761 608 830 688 ipsis
849 608 1022 670 clericorum
1040 609 1105 672 liliis

69 695 277 775 suffragentur.

69 853 98 899 c.
117 851 187 898 xvi.
224 848 359 910 Beneficia
380 855 476 898 curato
499 863 549 896 non
572 855 760 896 convertantur
782 852 810 896 in
832 850 966 910 simplicia.
1003 849 1049 908 Es,
1078 851 1106 896 in

68 933 146 981 quesn
169 919 305 966 translata
316 919 408 983 fucrit
431 931 497 968 cera
515 920 676 976 animorum,
705 920 854 980 cosmetur
872 932 987 980 consuo
1006 919 1105 980 portio.
1154 953 1160 986 Ι.

269 985 393 1034 Vientina
409 993 521 1046 coenent,
541 1000 607 1034 eura
624 985 661 1032 od
675 987 767 1033 titulos
784 993 917 1034 revocata.

162 1070 270 1129 Statuit
291 1083 389 1131 sancta
408 1068 547 1150 synodus,
575 1082 607 1130 ut
624 1070 823 1132 ecclesiastica
841 1070 984 1130 benelicia
1003 1089 1105 1130 saecu·

67 1159 157 1227 laria,
182 1175 351 1236 quoeunque
374 1158 488 1215 nomine
512 1156 707 1234 appellentur,
731 1175 804 1235 quae
828 1175 931 1227 curam,
949 1157 1106 1218 animarum

70 1263 111 1302 cx
130 1243 277 1320 primaeva
296 1261 395 1301 eorum
414 1243 592 1302 institutione
609 1241 763 1302 nataliter
780 1240 1037 1320 quomodocunque
1057 1261 1105 1300 rc·

70 1331 182 1398 tinent,
211 1329 261 1386 illa
284 1325 420 1406 deinceps
442 1328 471 1386 in
495 1326 616 1405 simplex
632 1326 818 1398 benelicium,
842 1328 928 1388 etiam
960 1328 1106 1406 assignata

69 1414 185 1472 vicario
214 1423 352 1492 perpetuo
381 1431 510 1490 congrua
536 1413 685 1490 portione,
717 1432 775 1470 non
802 1422 1020 1485 convertantur,
1048 1432 1106 1472 non

71 1498 257 1558 obstantibus
285 1498 497 1577 quibuscunque
526 1498 637 1576 gratiis,
666 1517 739 1577 quoe
766 1517 844 1558 suum
874 1498 1034 1577 plenarium
1061 1500 1106 1558 el-

70 1585 183 1644 lectum
211 1603 268 1642 non
294 1594 360 1642 sunt
387 1593 570 1644 consecutae.
625 1581 656 1642 ln
685 1584 720 1642 iis
738 1601 823 1653 vero,
851 1585 880 1641 in
907 1582 1007 1661 quibus
1036 1601 1106 1642 cen-

70 1681 119 1728 tra
139 1688 238 1728 earum
265 1670 470 1728 institutionem
497 1687 548 1728 seu
576 1666 771 1727 fundationem
799 1686 868 1727 cura
892 1669 1048 1726 animarum
1076 1669 1105 1728 in

71 1756 216 1814 vicarium
240 1765 406 1833 perpetuum
435 1755 649 1824 translatam,
677 1753 807 1812 etiamsi
830 1754 859 1811 in
882 1752 938 1813 boc
967 1763 1042 1814 statu
1069 1753 1104 1814 ab

73 1839 294 1899 immemorabili
313 1851 443 1919 temporo
461 1841 651 1918 reperiantur,
670 1840 695 1898 si
713 1857 842 1916 congrua
852 1839 948 1916 portio
963 1838 1105 1898 fructuum

72 1927 187 1986 vicario
213 1926 370 1997 ecclesiae,
390 1943 558 2004 quocunque
579 1923 691 1982 nomine
711 1924 735 1982 is
753 1923 923 2003 appelletur,
943 1942 1000 1982 non
1019 1924 1106 1983 luerit

72 2013 236 2090 assignata,
262 2030 297 2070 ea
320 2031 401 2090 quam
424 2012 542 2090 primum
567 2020 597 2068 et
618 2006 654 2067 ad
673 2009 764 2068 minue
789 2010 863 2068 intra
887 2027 988 2068 annum
1012 2029 1030 2066 a
1050 2009 1104 2068 line

72 2097 239 2177 praesentis
272 2097 387 2156 concilii
415 2096 535 2156 arbitrio
563 2092 703 2153 ordinarii
729 2094 807 2153 iuxta
839 2094 958 2156 lormem
994 2092 1105 2154 decreti

73 2183 126 2242 sub
156 2182 205 2242 iel.
239 2201 298 2242 rec.
332 2181 418 2240 Paulo
436 2176 525 2253 lll.¹)
564 2180 735 2258 assignetur.
799 2177 881 2253 Quod
913 2180 937 2240 si
968 2178 997 2238 id
1026 2199 1105 2239 com·

74 2267 161 2327 mode
195 2267 257 2326 lieri
290 2286 345 2326 uon
374 2269 476 2346 possit,
509 2277 558 2326 aut
588 2267 664 2325 intra
691 2263 796 2324 dictum
824 2266 972 2325 terminum
998 2266 1104 2326 lactum

74 2375 132 2412 non
152 2355 223 2425 crit,
251 2373 333 2432 quum
352 2353 471 2432 primum
495 2371 549 2431 per
567 2369 677 2411 cessum
704 2351 749 2410 vel
768 2349 917 2410 decessum
934 2352 1035 2410 vicarii
1054 2371 1104 2410 scu

73 2440 202 2499 rectoris
229 2449 278 2498 aut
305 2435 520 2517 quomodolibet
546 2439 665 2496 alterum
693 2455 793 2495 corum
812 2437 968 2508 vacaverit,
995 2436 1157 2500 beticii-nn

75 2527 151 2584 cium
171 2543 268 2584 curam
287 2525 442 2582 animarum
460 2525 597 2601 recipiat,
625 2542 659 2581 ac
677 2523 804 2581 vicariae
824 2541 927 2581 nomen
947 2533 1056 2593 cesset,
1076 2532 1107 2582 et

74 2613 103 2668 in
123 2610 269 2688 antiquum
288 2618 390 2667 statum
409 2610 587 2668 restituatur.

75 2765 103 2813 G.
122 2765 205 2812 xvn.
240 2763 364 2825 Episcopi
380 2764 532 2826 dn‘gns‘tatene
550 2777 623 2811 suam
642 2776 740 2809 morum
760 2766 896 2823 pensate
914 2764 1105 2824 commendentp

74 2847 120 2880 nec
139 2847 198 2880 cum
218 2846 306 2894 regnes
324 2833 466 2894 reindulsit,
490 2833 586 2895 regulis
608 2837 657 2879 ant
675 2831 813 2878 baronibus
831 2830 937 2892 indigna
955 2832 1105 2879 demissione
1182 2843 1202 2866 ·

518 2914 546 2948 te
560 2908 658 2963 gerunt

162 2984 229 3044 Non
248 2995 344 3064 potest
362 2996 462 3045 sancto
480 2984 605 3065 synodus
629 3007 685 3045 non
704 2984 965 3065 grauiterdolere,
985 2981 1104 3042 audieus

76 3073 231 3150 episcopos
249 3072 359 3150 aliquos
377 3072 420 3130 sni
439 3081 528 3130 status
547 3071 652 3132 oblitos
666 3072 842 3152 pontificiam
861 3070 1028 3150 dignitatem
1047 3088 1105 3127 non

75 3158 181 3216 leviter
199 3155 401 3228 dehonestare,
421 3158 468 3236 qui
487 3177 550 3216 cnm
569 3177 667 3235 regum
682 3159 826 3230 ministris,
846 3156 953 3236 regulis
972 3165 1003 3213 et
1019 3153 1106 3214 bano-

76 3243 159 3302 nibus
183 3243 213 3300 in
242 3243 366 3302 ecclesia
395 3252 425 3302 et
452 3253 534 3302 extra
561 3241 707 3304 indecenti
735 3242 854 3323 quadam
882 3241 1054 3303 demissione
1073 3259 1105 3300 se

76 3338 191 3405 gerunt,
211 3337 243 3387 et
258 3327 347 3387 veluti
366 3329 519 3388 inferiores
539 3329 659 3388 ministri
683 3330 782 3390 altaris
806 3331 888 3388 nimis
906 3325 1024 3404 indigne
1048 3345 1105 3384 non

76 3415 168 3472 solum
196 3413 262 3473 loco
291 3412 410 3485 cedunt,
442 3411 493 3474 sed
521 3415 606 3473 etiam
636 3417 829 3494 personaliter
855 3415 912 3474 illis
938 3412 1105 3473 inserviunt.

77 3499 172 3572 Quare
196 3500 270 3559 baec
299 3509 330 3560 et
351 3499 455 3560 similia
478 3497 624 3560 detestans
653 3511 754 3562 sancta
781 3500 907 3583 synodus
929 3518 1029 3560 sacros
1057 3517 1106 3557 ca-

77 3605 168 3644 nones
196 3603 310 3657 omues,
338 3585 519 3666 conciliaque
546 3584 693 3663 generalia
720 3598 806 3667 atque
834 3588 905 3648 alias
932 3583 1106 3666 apostolicas

77 3673 245 3730 sanctiones
271 3668 308 3730 ad
336 3669 485 3749 dignitatis
512 3672 685 3752 episcopalis
712 3671 850 3732 decorum
884 3682 914 3732 et
936 3670 1106 3750 gravitatem

77 3759 257 3834 pertinentes
275 3755 442 3817 renovando
460 3758 613 3837 praecipit,
632 3768 664 3816 ut
681 3757 716 3816 ab
735 3757 895 3818 huiusmodi
912 3758 949 3816 in'
959 3767 1107 3836 posterum

117 3902 294 3912 ...-——--.--·-

129 3974 208 4020 Sese.
227 3973 307 4020 XXV.
335 3979 355 4028 l)
370 3974 435 4022 Sese.
444 3973 500 4022 vn.
512 3978 541 4022 de
550 3975 593 4022 rei.
605 3989 624 4023 e.
636 3981 655 4026 l.
