2654 4334
299 293 695 367 recenserentur.
717 293 983 364 innovares.
1077 295 1157 374 ssa

118 435 181 502 diis
195 432 267 494 duos
282 433 483 496 cisterciensis
502 433 611 496 ordinis
630 436 751 498 abbates
767 438 878 498 vicinos
897 437 932 497 ad
952 437 1153 518 praestandum

114 523 181 582 ‚sibi
200 521 348 589 consilium
368 531 398 580 et
415 523 548 582 auxilium
567 533 765 601 opportunum,
785 543 867 602 quum
882 525 979 584 sintin
995 524 1155 586 huiusmodi

124 607 259 686 capitulis
278 605 459 668 celebrandis
482 627 519 667 ex
540 607 626 686 lunga
645 608 850 668 cousuetudine
869 609 979 688 plenius
998 610 1153 670 informati.
1254 661 1260 668 .

124 692 182 766 Qui
200 692 307 771 absque
327 691 556 754 contradictione
576 691 647 752 duos
669 694 724 753 sibi
747 693 783 753 de
806 695 874 772 ipsis
896 696 1055 768 associent,
1082 715 1154 775 quos
1212 715 1213 720 ¹

121 777 252 838 viderint
270 776 417 856 expedire.
454 777 498 838 Ac
517 779 570 858 ipsi
590 789 711 857 quatuor
728 781 856 859 praesint
874 781 1000 859 capitulo
1018 782 1152 840 universo

123 866 181 936 ita,
210 859 286 942 quod
309 881 349 922 ex,
369 863 424 922 boc
449 864 540 923 nullus
563 883 660 923 eorum
684 867 883 924 auctoritatem
903 866 1089 944 praelationis
1107 887 1153 926 as·
1254 913 1263 928 .

123 959 233 1022 sumat,
251 947 343 1020 unde,
366 969 449 1028 quum
466 948 646 1029 expedierit,
675 949 796 1028 provida
813 952 924 1030 possint
942 950 1155 1014 deliberatione

124 1036 240 1094 mutari.
285 1033 452 1094 Huiusmodi
469 1053 540 1094 vero
559 1036 712 1114 capitulum
731 1037 840 1116 aliquot
858 1038 945 1098 certis
963 1035 1064 1096 diebus
1083 1057 1153 1096 ron-

124 1123 206 1183 tiuue
224 1121 304 1180 iuxta
321 1138 430 1180 morem
443 1120 649 1182 cisterciensis
666 1120 776 1181 ordinis
795 1121 968 1193 celebretur,
987 1124 1016 1182 in
1035 1142 1090 1203 quo
1109 1120 1154 1181 di·

124 1207 221 1284 ligens
238 1205 379 1265 habeatur
396 1215 534 1266 tractatus
553 1205 589 1266 de
609 1207 814 1266 reformatione
832 1205 940 1266 ordinis
954 1218 984 1267 et
999 1207 1154 1268 observan-

123 1293 167 1356 tia
184 1292 327 1369 regulari3
356 1301 386 1351 et
404 1290 478 1371 quod
498 1302 632 1352 statutum
650 1293 739 1352 fuerit
756 1292 812 1352 illis
830 1304 952 1371 quatuor
969 1293 1154 1373 approbanti-

123 1379 189 1447 bus,
208 1376 243 1436 ab
263 1377 392 1438 omnibus
411 1377 616 1436 inviolabiliter
634 1377 813 1450 observetur,
833 1380 908 1436 omni
923 1381 1109 1438 excursatione
1124 1389 1154 1439 et

125 1460 359 1527 contradictione
382 1483 417 1522 au
440 1463 632 1542 appellatione
660 1465 792 1536 remotis,
820 1465 934 1542 proviso
962 1463 1154 1536 nibilominus,

124 1548 177 1607 ubi
193 1549 325 1626 sequenti
343 1551 466 1608 termino
484 1546 591 1608 debeat
609 1549 761 1628 capitulum
780 1548 934 1608 celebrari.
962 1548 1000 1606 Et
1018 1551 1065 1626 qui
1084 1569 1154 1608 con-

124 1635 259 1694 venerint
275 1635 361 1693 vitam
376 1632 483 1694 ducant
496 1653 682 1705 communem,
702 1645 733 1694 et
745 1635 854 1692 faciant
866 1633 1154 1711 proportionabiliter

125 1719 209 1779 simul
227 1739 327 1778 omnes
345 1738 510 1780 communes
527 1739 669 1798 expensas
687 1720 736 1789 ita,
759 1715 846 1798 quod,
865 1720 890 1776 si
908 1738 965 1778 non
984 1738 1083 1778 omnes
1099 1739 1154 1798 po-

125 1805 235 1864 tuerint
249 1805 278 1863 in
292 1803 410 1877 eisdem,
430 1805 531 1866 saltem
545 1803 642 1883 plures
655 1805 736 1863 simul
751 1805 779 1862 in
794 1801 916 1862 diversis
930 1802 1059 1863 domibus
1075 1825 1154 1864 corn·
1204 1846 1209 1878 2

124 1900 284 1954 morentur.
329 1888 504 1950 ordinentur
526 1891 611 1948 etiarn
631 1890 660 1947 in
678 1886 780 1948 eodem
801 1888 925 1967 capitulo
944 1889 1099 1967 religiosae
1119 1909 1154 1950 ac

125 1977 354 2055 circumspectae
372 1995 526 2056 personae,
545 1993 617 2053 quae
636 1974 763 2052 singulas
781 1973 910 2033 abbatias
929 1972 1054 2032 eiusde·
1069 1978 1153 2052 regni

124 2063 187 2122 sive
205 2062 371 2140 provinciae
390 2081 447 2121 non
465 2062 555 2120 solum
573 2059 787 2131 monachornm,
806 2057 857 2119 sed
876 2060 960 2118 etiam
980 2060 1153 2130 monialium,

124 2145 282 2208 secundum
300 2147 419 2207 formam
439 2145 493 2206 sibi
510 2145 666 2226 praefixam
679 2146 744 2206 vice
758 2155 859 2206 nostra
874 2142 1008 2205 studeant
1023 2145 1154 2216 visitare,

125 2233 308 2311 corrigentes
326 2243 357 2292 et
374 2233 564 2293 reformantes
583 2251 655 2311 quae
680 2231 870 2292 correctionis
893 2241 924 2290 ct
941 2231 1154 2290 reformationis

125 2319 226 2378 officio
244 2317 369 2378 viderint
387 2316 528 2396 indigere,
548 2319 598 2388 ita,
622 2315 708 2396 quod,
727 2318 751 2376 si
769 2325 913 2375 rectorem
932 2316 990 2374 loci
1008 2335 1154 2394 cognove-

123 2407 184 2464 rint
202 2403 237 2463 ab
256 2401 502 2463 administratione
525 2403 637 2481 penitus
664 2400 864 2473 amovendum,
893 2400 1069 2461 denuncient*
1093 2403 1155 2480 epi-

124 2510 217 2568 seopo
235 2491 365 2569 proprio,
383 2499 414 2547 ut
428 2488 505 2548 illum
523 2507 658 2548 amovere
672 2499 823 2567 procuret;
843 2485 957 2566 quodsi
972 2487 1155 2558 nonfeoerit,

125 2577 181 2654 ipsi
207 2576 372 2634 visitatores
404 2575 460 2633 boc
488 2575 617 2634 referant
648 2572 685 2632 ad
712 2574 891 2655 apostolicae
918 2571 996 2632 sedis
1023 2592 1153 2632 examen.

126 2661 190 2719 Hoc
208 2662 299 2740 ipsum
318 2660 468 2740 regulares
486 2660 643 2718 canonicos
662 2657 818 2719 secundum
837 2657 966 2718 ordinem
980 2677 1060 2718 suum
1073 2659 1155 2718 volu·

126 2765 187 2806 mus
206 2755 237 2804 et
254 2747 445 2826 praeripimus
462 2744 628 2803 observare.
670 2742 703 2802 Si
720 2763 790 2804 vcro
809 2745 838 2802 in
857 2744 912 2803 hac
929 2746 1056 2803 novitate
1075 2745 1155 2824 quio-

126 2849 209 2910 quam
228 2829 404 2891 difficultatis
423 2831 582 2901 emerserit,
603 2826 678 2907 quod
696 2846 750 2907 per
766 2825 929 2906 praedictas
947 2847 1085 2906 personas
1103 2847 1154 2888 ne·
1168 2853 1206 2895 san

126 2927 214 2997 queat
232 2915 372 2997 expediri,
391 2915 426 2976 ad
446 2915 624 2995 apostolicae
642 2911 719 2974 sedis
737 2911 872 2974 iudicium
891 2913 998 2992 absque
1016 2911 1153 2972 scandalo

126 3003 284 3074 referatur,
312 3003 419 3062 ceteris
445 3000 686 3079 irrefragabiliter
712 2997 887 3068 observatis,
914 3015 986 3076 quae
1014 2997 1155 3058 concordi
1187 3034 1189 3040 ,

125 3089 235 3148 fuerint
252 3087 463 3147 deliberatione
481 3087 605 3165 provisa.

212 3173 305 3232 Porro
331 3171 499 3232 dioecesani
526 3172 655 3250 episcopi
682 3170 855 3230 monasteria
881 3169 935 3228 sibi
962 3168 1090 3228 subiecta
1114 3171 1154 3228 ita

126 3257 261 3318 studeant
278 3259 452 3330 reformare,
480 3267 524 3328 nt,
553 3276 635 3336 quum
654 3253 691 3316 ad
709 3276 744 3316 ea
762 3253 904 3336 praedicti
921 3255 1086 3313 visitatores
1103 3275 1154 3314 ac·

126 3345 281 3416 cesserint,
304 3345 368 3423 plus
385 3346 414 3403 in
432 3343 489 3404 illis
507 3343 667 3414 inveniant,
695 3340 771 3421 quod
790 3336 1051 3410 commendatione,
1071 3357 1154 3418 mam

128 3427 204 3508 qnod
227 3431 411 3489 correctione
435 3430 473 3488 sit
499 3427 629 3506 dignum
657 3429 845 3487 attentissime
868 3433 1088 3504 praecaventes,
1117 3443 1153 3482 ne
1224 3488 1227 3497 ¹

125 3533 180 3594 per
197 3533 250 3575 eos
268 3513 345 3574 dieta
364 3515 538 3574 monasteria
556 3511 690 3573 indebitis
709 3514 843 3572 oneribus
861 3520 1069 3590 aggraventur,
1088 3511 1155 3590 quia

125 3601 170 3660 sic
185 3601 316 3660 vom-ns
333 3601 510 3679 superiorum
528 3601 590 3658 iura
604 3601 723 3671 servari,
747 3609 778 3658 ut
790 3599 956 3657 inferiorum
970 3596 1092 3664 nolimus
1110 3597 1154 3654 in·
1204 3630 1210 3635 -
1320 3655 1322 3670 ,

125 3686 216 3745 iunias
233 3685 386 3746 sustinere.
431 3684 479 3746 Ad
497 3685 552 3745 boc
571 3683 700 3744 districte
719 3685 910 3763 praecipimus
927 3693 984 3742 mm
1003 3680 1157 3743 dioecese*

126 3772 171 3830 nis
197 3772 345 3852 'episcopis
370 3791 453 3852 mam
479 3771 621 3850 personis,
649 3789 721 3849 quae
748 3779 902 3848 praeerunt
924 3767 1056 3847 capitulis
1074 3768 1158 3827 cele-

125 3855 258 3929 brandis,
281 3868 314 3916 nt
334 3875 555 3938 percensuram
574 3854 801 3916 ecclesiasticam
819 3854 1011 3936 appellatione
1030 3863 1153 3924 remota,

127 3954 312 4022 compescant
325 3942 492 4018 advocatos,
506 3953 654 4024 patronos,
671 3939 876 4013 vicedominos,
891 3950 1023 4001 rectores
1038 3950 1069 3998 ct
1082 3958 1152 3997 oon·
