2654 4330
205 243 286 302 nn
381 211 1086 294 scearamtonnunnemnu·
1176 253 1192 268 ι
1266 223 1272 234 ·

130 402 136 418 ¹
158 402 199 444 aue
210 399 266 462 qne
286 379 491 460 impetuuenca
506 379 686 449 auferentes,
705 383 890 458 quaecuuque
908 375 947 436 nd
962 377 1245 440 conservandum'et

211 465 372 546 ungendum
398 477 456 525 tam
482 465 558 545 pium
584 474 616 524 ct
641 475 770 523 sanctum
797 465 953 522 institutum
981 465 1129 542 pertinere
1157 464 1244 526 vide-

204 553 317 614 tuumn-
334 550 490 630 diligenter
508 551 658 611 curebuut.
703 549 742 608 Et
759 551 825 628 quia
842 547 879 608 ad
898 549 1016 626 collegii
1035 550 1181 608 fabricam*
1196 553 1243 610 in-

202 637 384 698 stituendam
407 648 438 698 et
460 635 496 696 ad
510 634 684 696 mercedem
706 634 945 714 praeceptoribus
969 645 1000 694 et
1021 635 1159 695 ministris
1182 639 1243 696 sol-

200 722 342 796 -vendnm,
362 733 392 784 ct
408 721 446 782 ad
462 721 595 782 alendam
613 724 806 794 iuventutem,
826 732 858 781 ct
874 720 911 781 ad
929 720 1001 780 alios
1021 731 1148 800 sumptus
1168 725 1242 782 certi

210 809 321 870 reditus
339 819 424 870 crunt
449 809 621 880 necessarii,
649 809 724 867 ultra
740 827 791 878 ea,
820 826 892 887 quae
920 805 957 866 ad
975 807 1169 868 instituendos
1195 809 1243 868 vcl

211 894 332 955 alendos
359 914 464 973 pueros
487 905 554 952 sunt
573 895 603 953 iu
620 893 761 972 aliquibus
783 893 917 952 ecclesiis
940 903 970 952 et
993 894 1066 952 locis
1084 893 1242 965 destinata,

201 1000 285 1062 -qnae
301 999 340 1040 eo
359 982 423 1059 ipso
441 981 507 1038 huic
530 980 684 1039 seminario
707 978 758 1038 sub
781 977 881 1040 eadem
906 979 1036 1058 episcopi
1059 998 1130 1038 cura
1148 979 1245 1059 appli-

149 1111 151 1118 Α
203 1077 278 1126 -cata
301 1075 488 1137 censeantur,
511 1063 597 1124 iidem
616 1067 745 1145 episcopi
768 1085 831 1125 cum
850 1065 970 1124 consilio
989 1063 1109 1124 duorum
1132 1063 1170 1126 dc
1192 1085 1245 1125 ca-

210 1151 317 1232 pitulo,
334 1163 465 1230 ‘quorum
482 1151 557 1210 alter
576 1151 614 1210 ab
637 1153 788 1232 episcopo,
810 1151 887 1210 alter
903 1151 939 1210 ab
957 1152 1021 1230 Ipso
1041 1151 1170 1230 capitulo
1190 1152 1245 1212 eli-

211 1246 310 1317 gatur,
328 1238 453 1316 itemque
472 1235 591 1296 duorum
611 1235 646 1296 de
666 1233 745 1297 clero
765 1237 903 1309 civitatis,
928 1247 1046 1315 quorum
1065 1235 1181 1316 quidem
1200 1237 1245 1296 nl-

210 1323 301 1384 terius
320 1323 426 1382 elcctio
445 1322 576 1381 similiter
593 1321 629 1382 ad
646 1323 829 1401 episcopum,
848 1323 966 1381 alterins
983 1341 1054 1382 vcro
1072 1321 1110 1380 ad
1130 1323 1244 1381 clerum

192 1409 365 1488 pertineat,
385 1427 422 1466 ex
439 1407 579 1466 fructibus
597 1409 718 1486 integris
737 1426 852 1466 mensae
870 1409 1043 1487 episcopalis
1061 1417 1092 1466 et
1110 1409 1244 1486 capituli,

212 1503 243 1552 et
261 1512 490 1572 quarumcunque
510 1491 693 1570 dignitatum,
717 1503 933 1571 personatuum,
956 1493 1130 1566 officiorum,
1155 1513 1245 1572 prae·

210 1577 384 1657 luendarum,
402 1579 578 1657 portionum,
590 1577 773 1638 abbatiarum
793 1589 822 1638 et
839 1580 1024 1658 prioratuum,
1045 1580 1244 1658 cuiuscunque

139 1739 143 1744 Ι
204 1662 335 1737 ordinis,
355 1665 441 1724 etiam
459 1664 615 1742 regularis,
634 1675 684 1724 aut
702 1664 846 1744 qualitatis
863 1666 909 1724 vel
929 1663 1102 1724 conditionis
1121 1665 1243 1736 luerint,

211 1760 244 1809 et
259 1750 455 1828 hospitalium,
484 1769 556 1829 quae
575 1749 687 1810 ‘dantur
709 1752 738 1809 iu
761 1750 871 1809 titulum
893 1751 939 1810 vcl
963 1749 1244 1810 administrationem

210 1837 291 1894 iuxta
310 1837 542 1896 constitutionem
563 1837 680 1910 concilii
689 1835 862 1896 Viennensis
872 1837 910 1910 ²),
932 1856 1004 1916 quac
1023 1838 1140 1915 incipito
1163 1839 1243 1913 Qut'ct

211 1923 374 2000 condirgat,
397 1933 430 1982 et
448 1921 656 1982 beneficiorum
674 1940 919 2001 quorumcunque,
948 1924 1033 1982 etiam
1052 1923 1242 2000 regularium,

204 2008 298 2067 etiam
316 2007 340 2068 si
358 2009 427 2067 iuris
444 2018 612 2087 patronatus
622 2009 814 2087 cuiuscunque
829 2007 945 2079 fuerim,
965 2010 1051 2068 ctiam
1061 2009 1241 2088 siexempta,

202 2093 298 2154 edem
320 2095 345 2152 si
368 2094 470 2153 nullius
493 2092 652 2166 dioecesis,
678 2095 725 2154 vel
748 2095 812 2153 aliis
835 2093 980 2166 ecclesiis,
1009 2095 1192 2154 monasteriis
1208 2104 1243 2152 et

203 2177 414 2257 bospitalibus,
438 2187 469 2238 et
485 2179 549 2238 aliis
567 2179 704 2259 quibusve
721 2179 794 2238 locis
810 2180 879 2258 piis,
900 2180 985 2240 etiam
1009 2181 1164 2260 exemptis,
1188 2197 1244 2238 au-

204 2282 296 2334 vnterea,
315 2273 345 2323 et
362 2283 401 2324 ex
415 2264 535 2325 sidericis
553 2265 741 2326 ecclesiarum
755 2275 786 2324 ot
802 2265 922 2325 aliorum
942 2267 1081 2338 locorum,
1100 2267 1189 2326 etium
1202 2283 1244 2325 ex

203 2349 425 2430 quibuscunque
456 2351 521 2410 aliis
551 2350 759 2410 ecclesiasticis
790 2349 928 2412 reditibus
959 2369 1010 2412 seu
1041 2351 1243 2431 proventibus,

207 2437 298 2496 otiam
316 2436 438 2496 aliorum
456 2435 654 2514 collegiorum,
673 2437 702 2497 iu
721 2436 821 2516 quibus
839 2447 934 2497 tamen
951 2436 1105 2497 seminaria
1123 2436 1243 2496 discen-

206 2521 281 2581 tium
298 2521 344 2578 vel
363 2519 526 2589 docentium
548 2520 586 2580 ad
606 2541 754 2582 commune
772 2523 916 2582 ccclesiae
938 2523 1043 2584 bonum
1065 2541 1242 2602 promoven-

211 2603 277 2665 dum
294 2615 362 2664 actu
380 2626 437 2664 non
454 2606 694 2681 habentur(baeo
714 2611 788 2668 enim
807 2619 940 2688 exempta
958 2628 1022 2669 csse
1040 2609 1142 2685 voluit)
1153 2628 1243 2688 prae-

211 2701 341 2768 terquam
364 2693 478 2752 ratione
499 2691 657 2769 redituum,
686 2695 733 2773 qui
755 2695 891 2773 superflui
915 2705 1011 2754 essent
1033 2695 1108 2754 ultra
1132 2713 1241 2756 conec-

159 2777 337 2839 noaicntem
354 2779 481 2857 ipsorum
503 2781 719 2839 seminariorum
741 2782 989 2852 sustentationem,
1013 2799 1065 2840 seu
1084 2799 1241 2860 corporum

138 2933 140 2938 ,
205 2865 257 2926 rel
277 2864 561 2938 confraternitatum,
590 2885 662 2946 quae
685 2866 715 2924 in
737 2867 880 2926 nonnullis
902 2866 974 2925 locis
996 2867 1115 2926 scholae
1138 2867 1241 2945 appel-

208 2951 512 3022 teramnensem
530 2950 783 3024 monasteriorum,
806 2972 865 3011 non
886 2961 982 3011 tamen
1004 2948 1239 3024 mendicantium,

206 3039 297 3096 ‚etiam
313 3041 354 3096 e'x
364 3036 673 3117 decimisquacuuqne
692 3041 804 3098 rabone
823 3036 859 3098 ad
878 3039 977 3109 laicos,
997 3055 1034 3096 cn
1052 3037 1154 3116 quibus
1172 3039 1240 3096 snb·

209 3121 286 3182 sidia
302 3123 503 3188 ecclesiastiea
519 3125 594 3182 solvi
612 3123 715 3194 solent,
735 3133 766 3183 et
783 3124 887 3182 milites
905 3125 1100 3203 oniusmnquo
1119 3123 1240 3183 militiae

206 3218 262 3268 sant
279 3208 389 3269 nrdlnis
406 3210 625 3289 pcrtinentibus,
643 3209 780 3268 iratribus
799 3207 828 3267 S.
849 3208 964 3268 Ioannis
983 3207 1240 3288 Hierosolymitani

156 3362 161 3372 ι
208 3293 351 3355 ‘duntaxat
367 3297 514 3374 exceptis,
530 3306 649 3374 ‘partem
671 3297 794 3374 aliquam
820 3295 866 3354 vel
888 3296 1050 3374 portionem
1069 3293 1238 3368 detrabent3

210 3391 244 3442 at
264 3401 328 3442 cam
350 3382 513 3460 portionem
539 3382 583 3440 sic
604 3380 777 3454 detractam,
806 3399 860 3440 nec
881 3399 940 3440 non
962 3380 1105 3440 beneficia
1128 3379 1239 3460 aliquot

207 3468 362 3546 misia,
382 3468 573 3547 cuiuscunque
592 3469 738 3548 qualitatis
756 3478 786 3528 et
804 3466 1076 3545 dignitatisiuerlnt,
1093 3465 1237 3529 relectam

152 3553 158 3556 ’
207 3553 419 3634 praestimonia
436 3555 482 3614 vel
500 3554 747 3634 praestimoniales
764 3555 914 3635 portiones
929 3562 1123 3632 nuncupatas,
1150 3553 1237 3612 etiam

212 3649 281 3700 ante
303 3639 498 3714 emtionem,
516 3641 583 3699 sine
602 3641 698 3700 ,cultos
716 3639 804 3700 divini
822 3650 855 3698 ct
874 3641 924 3700 itta
946 3639 1133 3700 obtinentium
1152 3655 1237 3718 proo-

214 3926 243 3970 ὴ
255 3874 342 3971 ιἕπευ.
356 3875 453 3920 XXIII.
481 3877 503 3930 1)
513 3873 586 3920 Clam.
600 3880 621 3921 2
636 3877 665 3922 dc
678 3875 747 3946 reliq.
762 3877 821 3941 dom.
836 3855 882 3922 III.
897 3880 929 3922 lt.
943 3899 968 3910 -
982 3874 1013 3920 cf.
1028 3869 1092 3918 Scan.
1103 3868 1159 3916 vll.
1175 3865 1195 3916 c'.
1207 3873 1238 3915 15.
