<?xml version="1.0" encoding="UTF-8"?>
<!DOCTYPE html PUBLIC "-//W3C//DTD XHTML 1.0 Transitional//EN"
    "http://www.w3.org/TR/xhtml1/DTD/xhtml1-transitional.dtd">
<html xmlns="http://www.w3.org/1999/xhtml" xml:lang="en" lang="en">
 <head>
  <title>
</title>
<meta http-equiv="Content-Type" content="text/html;charset=utf-8" />
  <meta name='ocr-system' content='tesseract 3.04.00' />
  <meta name='ocr-capabilities' content='ocr_page ocr_carea ocr_par ocr_line ocrx_word'/>
</head>
<body>
  <div class='ocr_page' id='page_1' title='image "./canonesetdecret00stergoog_0079.png"; bbox 0 0 2652 4330; ppageno 0'>
   <div class='ocr_carea' id='block_1_1' title="bbox 220 219 1119 291">
    <p class='ocr_par' dir='ltr' id='par_1_1' title="bbox 220 219 1119 291">
     <span class='ocr_line' id='line_1_1' title="bbox 220 219 1119 291; baseline -0.02 1"><span class='ocrx_word' id='word_1_1' title='bbox 220 233 275 291; x_wconf 69' lang='lat'><strong>08</strong></span> <span class='ocrx_word' id='word_1_2' title='bbox 339 231 479 290; x_wconf 76' lang='lat' dir='ltr'><strong>sesslo</strong></span> <span class='ocrx_word' id='word_1_3' title='bbox 497 226 583 282; x_wconf 82' lang='lat' dir='ltr'><strong>Xlll.</strong></span> <span class='ocrx_word' id='word_1_4' title='bbox 601 224 655 277; x_wconf 81' lang='lat' dir='ltr'><strong>tte</strong></span> <span class='ocrx_word' id='word_1_5' title='bbox 675 222 916 280; x_wconf 80' lang='lat' dir='ltr'><strong>PROROGAT.</strong></span> <span class='ocrx_word' id='word_1_6' title='bbox 933 219 1119 277; x_wconf 80' lang='lat' dir='ltr'><strong>DEFlNl&#39;l&#39;.</strong></span> 
     </span>
    </p>
   </div>
   <div class='ocr_carea' id='block_1_2' title="bbox 219 363 1253 855">
    <p class='ocr_par' dir='ltr' id='par_1_2' title="bbox 219 363 1253 855">
     <span class='ocr_line' id='line_1_2' title="bbox 222 363 1253 451; baseline -0.008 -21"><span class='ocrx_word' id='word_1_7' title='bbox 222 381 318 451; x_wconf 85' lang='lat' dir='ltr'><strong>perat,</strong></span> <span class='ocrx_word' id='word_1_8' title='bbox 345 379 394 428; x_wconf 89' lang='lat' dir='ltr'><strong>aut</strong></span> <span class='ocrx_word' id='word_1_9' title='bbox 412 369 580 428; x_wconf 74' lang='lat' dir='ltr'><strong>remissione</strong></span> <span class='ocrx_word' id='word_1_10' title='bbox 603 383 728 444; x_wconf 86' lang='lat' dir='ltr'><strong>poenae,</strong></span> <span class='ocrx_word' id='word_1_11' title='bbox 755 363 897 443; x_wconf 84' lang='lat' dir='ltr'><strong>adquam</strong></span> <span class='ocrx_word' id='word_1_12' title='bbox 920 363 1088 424; x_wconf 82' lang='lat' dir='ltr'><strong>criminosus</strong></span> <span class='ocrx_word' id='word_1_13' title='bbox 1110 380 1164 440; x_wconf 87' lang='lat' dir='ltr'><strong>per</strong></span> <span class='ocrx_word' id='word_1_14' title='bbox 1186 381 1253 422; x_wconf 85' lang='lat' dir='ltr'><strong>eum</strong></span> 
     </span>
     <span class='ocr_line' id='line_1_3' title="bbox 221 448 1252 529; baseline -0.009 -15"><span class='ocrx_word' id='word_1_15' title='bbox 221 454 427 515; x_wconf 87' lang='lat' dir='ltr'><strong>condemnatus</strong></span> <span class='ocrx_word' id='word_1_16' title='bbox 445 453 545 524; x_wconf 88' lang='lat' dir='ltr'><strong>inerit,</strong></span> <span class='ocrx_word' id='word_1_17' title='bbox 573 452 653 510; x_wconf 85' lang='lat' dir='ltr'><strong>falsis</strong></span> <span class='ocrx_word' id='word_1_18' title='bbox 670 449 804 529; x_wconf 88' lang='lat' dir='ltr'><strong>precibus</strong></span> <span class='ocrx_word' id='word_1_19' title='bbox 823 451 1004 528; x_wconf 85' lang='lat' dir='ltr'><strong>impetratur,</strong></span> <span class='ocrx_word' id='word_1_20' title='bbox 1027 465 1081 525; x_wconf 92' lang='lat' dir='ltr'><strong>per</strong></span> <span class='ocrx_word' id='word_1_21' title='bbox 1098 465 1129 506; x_wconf 91' lang='lat' dir='ltr'><strong>se</strong></span> <span class='ocrx_word' id='word_1_22' title='bbox 1149 448 1252 526; x_wconf 88' lang='lat' dir='ltr'><strong>ipsum,</strong></span> 
     </span>
     <span class='ocr_line' id='line_1_4' title="bbox 221 533 1253 620; baseline -0.011 -19"><span class='ocrx_word' id='word_1_23' title='bbox 221 553 354 620; x_wconf 77' lang='lat' dir='ltr'><strong>tanquam</strong></span> <span class='ocrx_word' id='word_1_24' title='bbox 372 537 449 598; x_wconf 90' lang='lat' dir='ltr'><strong>sedis</strong></span> <span class='ocrx_word' id='word_1_25' title='bbox 472 537 649 618; x_wconf 89' lang='lat' dir='ltr'><strong>apostolicae</strong></span> <span class='ocrx_word' id='word_1_26' title='bbox 673 535 836 613; x_wconf 86' lang='lat' dir='ltr'><strong>delegatus,</strong></span> <span class='ocrx_word' id='word_1_27' title='bbox 863 537 949 594; x_wconf 84' lang='lat' dir='ltr'><strong>etiem</strong></span> <span class='ocrx_word' id='word_1_28' title='bbox 967 533 1117 592; x_wconf 89' lang='lat' dir='ltr'><strong>summarie</strong></span> <span class='ocrx_word' id='word_1_29' title='bbox 1142 551 1253 610; x_wconf 84' lang='lat' dir='ltr'><strong>cogno·</strong></span> 
     </span>
     <span class='ocr_line' id='line_1_5' title="bbox 220 619 1253 704; baseline -0.009 -19"><span class='ocrx_word' id='word_1_30' title='bbox 220 637 294 697; x_wconf 83' lang='lat' dir='ltr'><strong>scat,</strong></span> <span class='ocrx_word' id='word_1_31' title='bbox 313 627 459 704; x_wconf 77' lang='lat' dir='ltr'><strong>ipsamque</strong></span> <span class='ocrx_word' id='word_1_32' title='bbox 478 623 600 702; x_wconf 75' lang='lat' dir='ltr'><strong>gratiam</strong></span> <span class='ocrx_word' id='word_1_33' title='bbox 611 623 650 695; x_wconf 91' lang='lat'><strong>¹),</strong></span> <span class='ocrx_word' id='word_1_34' title='bbox 669 631 818 701; x_wconf 79' lang='lat' dir='ltr'><strong>postquam</strong></span> <span class='ocrx_word' id='word_1_35' title='bbox 835 639 889 698; x_wconf 88' lang='lat' dir='ltr'><strong>per</strong></span> <span class='ocrx_word' id='word_1_36' title='bbox 906 621 971 679; x_wconf 86' lang='lat' dir='ltr'><strong>falsi</strong></span> <span class='ocrx_word' id='word_1_37' title='bbox 989 619 1185 676; x_wconf 79' lang='lat' dir='ltr'><strong>narrationem</strong></span> <span class='ocrx_word' id='word_1_38' title='bbox 1204 629 1253 676; x_wconf 88' lang='lat' dir='ltr'><strong>aut</strong></span> 
     </span>
     <span class='ocr_line' id='line_1_6' title="bbox 219 703 1252 784; baseline -0.01 -14"><span class='ocrx_word' id='word_1_39' title='bbox 219 713 282 772; x_wconf 88' lang='lat' dir='ltr'><strong>veri</strong></span> <span class='ocrx_word' id='word_1_40' title='bbox 309 711 533 770; x_wconf 79' lang='lat' dir='ltr'><strong>taciturnitatem</strong></span> <span class='ocrx_word' id='word_1_41' title='bbox 561 706 706 766; x_wconf 85' lang='lat' dir='ltr'><strong>obtentam</strong></span> <span class='ocrx_word' id='word_1_42' title='bbox 733 725 797 766; x_wconf 90' lang='lat' dir='ltr'><strong>esse</strong></span> <span class='ocrx_word' id='word_1_43' title='bbox 825 704 951 784; x_wconf 77' lang='lat' dir='ltr'><strong>legitime</strong></span> <span class='ocrx_word' id='word_1_44' title='bbox 979 703 1160 774; x_wconf 85' lang='lat' dir='ltr'><strong>eonstiterit,</strong></span> <span class='ocrx_word' id='word_1_45' title='bbox 1194 723 1252 760; x_wconf 92' lang='lat' dir='ltr'><strong>non</strong></span> 
     </span>
     <span class='ocr_line' id='line_1_7' title="bbox 221 795 361 855; baseline -0.021 0"><span class='ocrx_word' id='word_1_46' title='bbox 221 795 361 855; x_wconf 71' lang='lat' dir='ltr'><strong>admittet.</strong></span> 
     </span>
    </p>
   </div>
   <div class='ocr_carea' id='block_1_3' title="bbox 220 927 1251 1042">
    <p class='ocr_par' dir='ltr' id='par_1_3' title="bbox 220 927 1251 1042">
     <span class='ocr_line' id='line_1_8' title="bbox 220 927 1251 992; baseline -0.007 -13"><span class='ocrx_word' id='word_1_47' title='bbox 220 935 248 978; x_wconf 79' lang='lat' dir='ltr'><strong>c.</strong></span> <span class='ocrx_word' id='word_1_48' title='bbox 259 934 301 980; x_wconf 86' lang='lat' dir='ltr'><strong>Vi.</strong></span> <span class='ocrx_word' id='word_1_49' title='bbox 336 929 394 977; x_wconf 77' lang='lat' dir='ltr'><strong>Noe</strong></span> <span class='ocrx_word' id='word_1_50' title='bbox 404 931 501 992; x_wconf 76' lang='lat' dir='ltr'><strong>citetur</strong></span> <span class='ocrx_word' id='word_1_51' title='bbox 511 927 691 989; x_wconf 75' lang='lat' dir='ltr'><strong>personaliter</strong></span> <span class='ocrx_word' id='word_1_52' title='bbox 704 929 844 988; x_wconf 75' lang='lat' dir='ltr'><strong>epiecopus,</strong></span> <span class='ocrx_word' id='word_1_53' title='bbox 859 928 911 974; x_wconf 71' lang='grc' dir='ltr'><strong><em>πίει·</em></strong></span> <span class='ocrx_word' id='word_1_54' title='bbox 917 927 1083 986; x_wconf 75' lang='lat' dir='ltr'><strong>depositionis</strong></span> <span class='ocrx_word' id='word_1_55' title='bbox 1098 932 1148 973; x_wconf 84' lang='lat' dir='ltr'><strong>out</strong></span> <span class='ocrx_word' id='word_1_56' title='bbox 1154 927 1251 987; x_wconf 63' lang='lat' dir='ltr'><strong>priua·</strong></span> 
     </span>
     <span class='ocr_line' id='line_1_9' title="bbox 648 997 824 1042; baseline -0.011 0"><span class='ocrx_word' id='word_1_57' title='bbox 648 997 725 1042; x_wconf 72' lang='lat' dir='ltr'><strong>tionis</strong></span> <span class='ocrx_word' id='word_1_58' title='bbox 735 1009 824 1041; x_wconf 78' lang='lat' dir='ltr'><strong>causo.</strong></span> 
     </span>
    </p>
   </div>
   <div class='ocr_carea' id='block_1_4' title="bbox 127 1078 1253 2172">
    <p class='ocr_par' dir='ltr' id='par_1_4' title="bbox 219 1078 1253 1417">
     <span class='ocr_line' id='line_1_10' title="bbox 306 1078 1252 1158; baseline -0.005 -16"><span class='ocrx_word' id='word_1_59' title='bbox 306 1083 445 1154; x_wconf 83' lang='lat' dir='ltr'><strong>Quoniam</strong></span> <span class='ocrx_word' id='word_1_60' title='bbox 470 1100 541 1140; x_wconf 88' lang='lat' dir='ltr'><strong>vero</strong></span> <span class='ocrx_word' id='word_1_61' title='bbox 568 1078 673 1140; x_wconf 85' lang='lat' dir='ltr'><strong>subditi</strong></span> <span class='ocrx_word' id='word_1_62' title='bbox 701 1081 856 1158; x_wconf 89' lang='lat' dir='ltr'><strong>episcopo,</strong></span> <span class='ocrx_word' id='word_1_63' title='bbox 893 1080 1006 1138; x_wconf 89' lang='lat' dir='ltr'><strong>tametsi</strong></span> <span class='ocrx_word' id='word_1_64' title='bbox 1033 1080 1094 1138; x_wconf 90' lang='lat' dir='ltr'><strong>iure</strong></span> <span class='ocrx_word' id='word_1_65' title='bbox 1123 1081 1252 1157; x_wconf 83' lang='lat' dir='ltr'><strong>correpti</strong></span> 
     </span>
     <span class='ocr_line' id='line_1_11' title="bbox 219 1162 1252 1245; baseline -0.006 -17"><span class='ocrx_word' id='word_1_66' title='bbox 219 1169 380 1240; x_wconf 83' lang='lat' dir='ltr'><strong>luerint²)‚</strong></span> <span class='ocrx_word' id='word_1_67' title='bbox 400 1185 575 1245; x_wconf 85' lang='lat' dir='ltr'><strong>magnopere</strong></span> <span class='ocrx_word' id='word_1_68' title='bbox 593 1177 688 1224; x_wconf 89' lang='lat' dir='ltr'><strong>tamen</strong></span> <span class='ocrx_word' id='word_1_69' title='bbox 707 1184 771 1224; x_wconf 90' lang='lat' dir='ltr'><strong>eum</strong></span> <span class='ocrx_word' id='word_1_70' title='bbox 790 1162 899 1235; x_wconf 87' lang='lat' dir='ltr'><strong>odisse,</strong></span> <span class='ocrx_word' id='word_1_71' title='bbox 924 1173 967 1234; x_wconf 90' lang='lat' dir='ltr'><strong>et,</strong></span> <span class='ocrx_word' id='word_1_72' title='bbox 992 1173 1125 1243; x_wconf 86' lang='lat' dir='ltr'><strong>tanquam</strong></span> <span class='ocrx_word' id='word_1_73' title='bbox 1147 1164 1252 1223; x_wconf 88' lang='lat' dir='ltr'><strong>iniuria</strong></span> 
     </span>
     <span class='ocr_line' id='line_1_12' title="bbox 219 1249 1252 1330; baseline -0.004 -18"><span class='ocrx_word' id='word_1_74' title='bbox 219 1254 319 1312; x_wconf 88' lang='lat' dir='ltr'><strong>allecti</strong></span> <span class='ocrx_word' id='word_1_75' title='bbox 337 1255 403 1324; x_wconf 89' lang='lat' dir='ltr'><strong>sint,</strong></span> <span class='ocrx_word' id='word_1_76' title='bbox 422 1253 494 1324; x_wconf 87' lang='lat' dir='ltr'><strong>falsa</strong></span> <span class='ocrx_word' id='word_1_77' title='bbox 513 1253 554 1312; x_wconf 96' lang='lat' dir='ltr'><strong>illi</strong></span> <span class='ocrx_word' id='word_1_78' title='bbox 574 1251 692 1310; x_wconf 89' lang='lat' dir='ltr'><strong>crimina</strong></span> <span class='ocrx_word' id='word_1_79' title='bbox 715 1249 844 1308; x_wconf 89' lang='lat' dir='ltr'><strong>obiicere</strong></span> <span class='ocrx_word' id='word_1_80' title='bbox 867 1249 975 1319; x_wconf 86' lang='lat' dir='ltr'><strong>solent,</strong></span> <span class='ocrx_word' id='word_1_81' title='bbox 999 1259 1044 1321; x_wconf 92' lang='lat' dir='ltr'><strong>nt,</strong></span> <span class='ocrx_word' id='word_1_82' title='bbox 1068 1269 1182 1330; x_wconf 90' lang='lat' dir='ltr'><strong>quoquo</strong></span> <span class='ocrx_word' id='word_1_83' title='bbox 1202 1270 1252 1328; x_wconf 90' lang='lat' dir='ltr'><strong>pa·</strong></span> 
     </span>
     <span class='ocr_line' id='line_1_13' title="bbox 221 1335 1253 1417; baseline -0.006 -19"><span class='ocrx_word' id='word_1_84' title='bbox 221 1351 269 1398; x_wconf 89' lang='lat' dir='ltr'><strong>eto</strong></span> <span class='ocrx_word' id='word_1_85' title='bbox 292 1340 416 1417; x_wconf 88' lang='lat' dir='ltr'><strong>possint,</strong></span> <span class='ocrx_word' id='word_1_86' title='bbox 446 1340 473 1396; x_wconf 92' lang='lat' dir='ltr'><strong>ei</strong></span> <span class='ocrx_word' id='word_1_87' title='bbox 496 1337 655 1395; x_wconf 88' lang='lat' dir='ltr'><strong>molestiam</strong></span> <span class='ocrx_word' id='word_1_88' title='bbox 679 1335 847 1406; x_wconf 81' lang='lat' dir='ltr'><strong>exhibeant,</strong></span> <span class='ocrx_word' id='word_1_89' title='bbox 881 1335 961 1392; x_wconf 90' lang='lat' dir='ltr'><strong>cuius</strong></span> <span class='ocrx_word' id='word_1_90' title='bbox 983 1337 1144 1413; x_wconf 72' lang='lat' dir='ltr'><strong>uenationis</strong></span> <span class='ocrx_word' id='word_1_91' title='bbox 1166 1337 1253 1393; x_wconf 88' lang='lat' dir='ltr'><strong>timor</strong></span> 
     </span>
    </p>

    <p class='ocr_par' dir='ltr' id='par_1_5' title="bbox 127 1418 1252 1842">
     <span class='ocr_line' id='line_1_14' title="bbox 127 1418 1252 1502; baseline -0.004 -19"><span class='ocrx_word' id='word_1_92' title='bbox 127 1419 135 1442; x_wconf 83' lang='lat'><em>&#39;</em></span> <span class='ocrx_word' id='word_1_93' title='bbox 220 1426 386 1502; x_wconf 89' lang='lat' dir='ltr'><strong>plerumque</strong></span> <span class='ocrx_word' id='word_1_94' title='bbox 406 1423 483 1481; x_wconf 88' lang='lat' dir='ltr'><strong>illurn</strong></span> <span class='ocrx_word' id='word_1_95' title='bbox 502 1421 539 1480; x_wconf 88' lang='lat' dir='ltr'><strong>ad</strong></span> <span class='ocrx_word' id='word_1_96' title='bbox 557 1418 726 1499; x_wconf 90' lang='lat' dir='ltr'><strong>inquirenda</strong></span> <span class='ocrx_word' id='word_1_97' title='bbox 744 1430 775 1478; x_wconf 91' lang='lat' dir='ltr'><strong>et</strong></span> <span class='ocrx_word' id='word_1_98' title='bbox 791 1419 934 1498; x_wconf 89' lang='lat' dir='ltr'><strong>punienda</strong></span> <span class='ocrx_word' id='word_1_99' title='bbox 953 1438 1050 1478; x_wconf 88' lang='lat' dir='ltr'><strong>eorum</strong></span> <span class='ocrx_word' id='word_1_100' title='bbox 1075 1419 1183 1480; x_wconf 86' lang='lat' dir='ltr'><strong>delicta</strong></span> <span class='ocrx_word' id='word_1_101' title='bbox 1206 1440 1252 1479; x_wconf 91' lang='lat' dir='ltr'><strong>se·</strong></span> 
     </span>
     <span class='ocr_line' id='line_1_15' title="bbox 221 1506 1251 1586; baseline -0.001 -20"><span class='ocrx_word' id='word_1_102' title='bbox 221 1510 351 1586; x_wconf 86' lang='lat' dir='ltr'><strong>gniorem</strong></span> <span class='ocrx_word' id='word_1_103' title='bbox 369 1506 479 1566; x_wconf 90' lang='lat' dir='ltr'><strong>reddit:</strong></span> <span class='ocrx_word' id='word_1_104' title='bbox 499 1506 620 1576; x_wconf 88' lang='lat' dir='ltr'><strong>idcirco,</strong></span> <span class='ocrx_word' id='word_1_105' title='bbox 640 1524 676 1563; x_wconf 91' lang='lat' dir='ltr'><strong>ne</strong></span> <span class='ocrx_word' id='word_1_106' title='bbox 694 1506 719 1563; x_wconf 93' lang='lat' dir='ltr'><strong>is</strong></span> <span class='ocrx_word' id='word_1_107' title='bbox 738 1524 840 1582; x_wconf 83' lang='lat' dir='ltr'><strong>magno</strong></span> <span class='ocrx_word' id='word_1_108' title='bbox 859 1526 910 1564; x_wconf 91' lang='lat' dir='ltr'><strong>suo</strong></span> <span class='ocrx_word' id='word_1_109' title='bbox 930 1514 960 1563; x_wconf 91' lang='lat' dir='ltr'><strong>et</strong></span> <span class='ocrx_word' id='word_1_110' title='bbox 978 1507 1122 1564; x_wconf 85' lang='lat' dir='ltr'><strong>ecelesiae</strong></span> <span class='ocrx_word' id='word_1_111' title='bbox 1142 1509 1251 1566; x_wconf 90' lang='lat' dir='ltr'><strong>incom-</strong></span> 
     </span>
     <span class='ocr_line' id='line_1_16' title="bbox 221 1589 1250 1671; baseline -0.002 -19"><span class='ocrx_word' id='word_1_112' title='bbox 221 1592 305 1652; x_wconf 90' lang='lat' dir='ltr'><strong>modo</strong></span> <span class='ocrx_word' id='word_1_113' title='bbox 325 1612 443 1670; x_wconf 82' lang='lat' dir='ltr'><strong>gregem</strong></span> <span class='ocrx_word' id='word_1_114' title='bbox 462 1593 517 1652; x_wconf 90' lang='lat' dir='ltr'><strong>sihi</strong></span> <span class='ocrx_word' id='word_1_115' title='bbox 536 1589 674 1650; x_wconf 88' lang='lat' dir='ltr'><strong>creditum</strong></span> <span class='ocrx_word' id='word_1_116' title='bbox 689 1591 862 1669; x_wconf 90' lang='lat' dir='ltr'><strong>relinquere,</strong></span> <span class='ocrx_word' id='word_1_117' title='bbox 882 1609 916 1649; x_wconf 89' lang='lat' dir='ltr'><strong>ac</strong></span> <span class='ocrx_word' id='word_1_118' title='bbox 931 1609 988 1647; x_wconf 91' lang='lat' dir='ltr'><strong>non</strong></span> <span class='ocrx_word' id='word_1_119' title='bbox 1001 1591 1062 1648; x_wconf 91' lang='lat' dir='ltr'><strong>sine</strong></span> <span class='ocrx_word' id='word_1_120' title='bbox 1078 1593 1250 1671; x_wconf 90' lang='lat' dir='ltr'><strong>episcopalis</strong></span> 
     </span>
     <span class='ocr_line' id='line_1_17' title="bbox 221 1676 1249 1755; baseline -0.002 -19"><span class='ocrx_word' id='word_1_121' title='bbox 221 1677 369 1755; x_wconf 87' lang='lat' dir='ltr'><strong>dignitatis</strong></span> <span class='ocrx_word' id='word_1_122' title='bbox 388 1677 574 1753; x_wconf 80' lang='lat' dir='ltr'><strong>diminutione</strong></span> <span class='ocrx_word' id='word_1_123' title='bbox 592 1677 692 1753; x_wconf 84' lang='lat' dir='ltr'><strong>vagari</strong></span> <span class='ocrx_word' id='word_1_124' title='bbox 712 1685 846 1754; x_wconf 85' lang='lat' dir='ltr'><strong>cogatur,</strong></span> <span class='ocrx_word' id='word_1_125' title='bbox 874 1678 914 1734; x_wconf 92' lang='lat' dir='ltr'><strong>ita</strong></span> <span class='ocrx_word' id='word_1_126' title='bbox 938 1678 1036 1734; x_wconf 87' lang='lat' dir='ltr'><strong>statuit</strong></span> <span class='ocrx_word' id='word_1_127' title='bbox 1058 1687 1089 1735; x_wconf 90' lang='lat' dir='ltr'><strong>et</strong></span> <span class='ocrx_word' id='word_1_128' title='bbox 1107 1676 1249 1737; x_wconf 89' lang='lat' dir='ltr'><strong>decrevit:</strong></span> 
     </span>
     <span class='ocr_line' id='line_1_18' title="bbox 221 1759 1251 1842; baseline 0 -22"><span class='ocrx_word' id='word_1_129' title='bbox 221 1763 391 1842; x_wconf 84' lang='lat' dir='ltr'><strong>Episcopus,</strong></span> <span class='ocrx_word' id='word_1_130' title='bbox 412 1763 465 1820; x_wconf 89' lang='lat' dir='ltr'><strong>nisi</strong></span> <span class='ocrx_word' id='word_1_131' title='bbox 485 1762 520 1820; x_wconf 88' lang='lat' dir='ltr'><strong>ob</strong></span> <span class='ocrx_word' id='word_1_132' title='bbox 541 1763 711 1835; x_wconf 69' lang='lat' dir='ltr'><strong>causami),</strong></span> <span class='ocrx_word' id='word_1_133' title='bbox 728 1781 766 1820; x_wconf 80' lang='lat' dir='ltr'><strong>ex</strong></span> <span class='ocrx_word' id='word_1_134' title='bbox 783 1780 838 1839; x_wconf 91' lang='lat' dir='ltr'><strong>qua</strong></span> <span class='ocrx_word' id='word_1_135' title='bbox 856 1759 1041 1840; x_wconf 90' lang='lat' dir='ltr'><strong>deponendus</strong></span> <span class='ocrx_word' id='word_1_136' title='bbox 1060 1763 1119 1821; x_wconf 90' lang='lat' dir='ltr'><strong>sive</strong></span> <span class='ocrx_word' id='word_1_137' title='bbox 1138 1765 1251 1841; x_wconf 89' lang='lat' dir='ltr'><strong>privan-</strong></span> 
     </span>
    </p>

    <p class='ocr_par' dir='ltr' id='par_1_6' title="bbox 170 1846 1250 2172">
     <span class='ocr_line' id='line_1_19' title="bbox 170 1846 1250 1925; baseline -0.001 -18"><span class='ocrx_word' id='word_1_138' title='bbox 170 1847 274 1907; x_wconf 84' lang='lat' dir='ltr'><strong>modus</strong></span> <span class='ocrx_word' id='word_1_139' title='bbox 300 1849 426 1920; x_wconf 87' lang='lat' dir='ltr'><strong>veniret,</strong></span> <span class='ocrx_word' id='word_1_140' title='bbox 455 1848 583 1906; x_wconf 88' lang='lat' dir='ltr'><strong>etiamsi</strong></span> <span class='ocrx_word' id='word_1_141' title='bbox 607 1865 644 1905; x_wconf 82' lang='lat' dir='ltr'><strong>ex</strong></span> <span class='ocrx_word' id='word_1_142' title='bbox 662 1846 774 1920; x_wconf 84' lang='lat' dir='ltr'><strong>officio,</strong></span> <span class='ocrx_word' id='word_1_143' title='bbox 802 1857 851 1904; x_wconf 91' lang='lat' dir='ltr'><strong>aut</strong></span> <span class='ocrx_word' id='word_1_144' title='bbox 872 1866 926 1925; x_wconf 90' lang='lat' dir='ltr'><strong>per</strong></span> <span class='ocrx_word' id='word_1_145' title='bbox 948 1846 1173 1923; x_wconf 87' lang='lat' dir='ltr'><strong>inquisitionem,</strong></span> <span class='ocrx_word' id='word_1_146' title='bbox 1201 1868 1250 1908; x_wconf 90' lang='lat' dir='ltr'><strong>seu</strong></span> 
     </span>
     <span class='ocr_line' id='line_1_20' title="bbox 221 1932 1250 2013; baseline -0.002 -19"><span class='ocrx_word' id='word_1_147' title='bbox 221 1933 470 1994; x_wconf 85' lang='lat' dir='ltr'><strong>denunciationem</strong></span> <span class='ocrx_word' id='word_1_148' title='bbox 489 1933 535 1992; x_wconf 89' lang='lat' dir='ltr'><strong>vel</strong></span> <span class='ocrx_word' id='word_1_149' title='bbox 553 1933 780 2004; x_wconf 80' lang='lat' dir='ltr'><strong>accusationem,</strong></span> <span class='ocrx_word' id='word_1_150' title='bbox 799 1933 859 1990; x_wconf 91' lang='lat' dir='ltr'><strong>sive</strong></span> <span class='ocrx_word' id='word_1_151' title='bbox 877 1932 934 1989; x_wconf 88' lang='lat' dir='ltr'><strong>alio</strong></span> <span class='ocrx_word' id='word_1_152' title='bbox 955 1934 1053 2009; x_wconf 89' lang='lat' dir='ltr'><strong>quovis</strong></span> <span class='ocrx_word' id='word_1_153' title='bbox 1077 1932 1162 1992; x_wconf 90' lang='lat' dir='ltr'><strong>modo</strong></span> <span class='ocrx_word' id='word_1_154' title='bbox 1185 1955 1250 2013; x_wconf 91' lang='lat' dir='ltr'><strong>pro·</strong></span> 
     </span>
     <span class='ocr_line' id='line_1_21' title="bbox 222 2019 1249 2098; baseline -0.002 -18"><span class='ocrx_word' id='word_1_155' title='bbox 222 2020 355 2090; x_wconf 87' lang='lat' dir='ltr'><strong>cedatur,</strong></span> <span class='ocrx_word' id='word_1_156' title='bbox 384 2029 415 2077; x_wconf 91' lang='lat' dir='ltr'><strong>ut</strong></span> <span class='ocrx_word' id='word_1_157' title='bbox 440 2019 635 2098; x_wconf 87' lang='lat' dir='ltr'><strong>personaliter</strong></span> <span class='ocrx_word' id='word_1_158' title='bbox 662 2027 842 2096; x_wconf 90' lang='lat' dir='ltr'><strong>compareat,</strong></span> <span class='ocrx_word' id='word_1_159' title='bbox 870 2036 1046 2096; x_wconf 89' lang='lat' dir='ltr'><strong>nequaqnam</strong></span> <span class='ocrx_word' id='word_1_160' title='bbox 1074 2020 1181 2079; x_wconf 91' lang='lat' dir='ltr'><strong>citetur</strong></span> <span class='ocrx_word' id='word_1_161' title='bbox 1206 2019 1249 2078; x_wconf 91' lang='lat' dir='ltr'><strong>vel</strong></span> 
     </span>
     <span class='ocr_line' id='line_1_22' title="bbox 219 2115 379 2172; baseline 0 -8"><span class='ocrx_word' id='word_1_162' title='bbox 219 2115 379 2172; x_wconf 83' lang='lat' dir='ltr'><strong>moneatur.</strong></span> 
     </span>
    </p>
   </div>
   <div class='ocr_carea' id='block_1_5' title="bbox 308 2240 1166 2302">
    <p class='ocr_par' dir='ltr' id='par_1_7' title="bbox 308 2240 1166 2302">
     <span class='ocr_line' id='line_1_23' title="bbox 308 2240 1166 2302; baseline 0.003 -14"><span class='ocrx_word' id='word_1_163' title='bbox 308 2244 335 2288; x_wconf 78' lang='lat' dir='ltr'><strong>c.</strong></span> <span class='ocrx_word' id='word_1_164' title='bbox 344 2242 398 2286; x_wconf 86' lang='lat' dir='ltr'><strong>Vll.</strong></span> <span class='ocrx_word' id='word_1_165' title='bbox 435 2240 586 2298; x_wconf 77' lang='lat' dir='ltr'><strong>Quatteater</strong></span> <span class='ocrx_word' id='word_1_166' title='bbox 597 2243 700 2288; x_wconf 78' lang='lat' dir='ltr'><strong>testium</strong></span> <span class='ocrx_word' id='word_1_167' title='bbox 714 2244 809 2287; x_wconf 79' lang='lat' dir='ltr'><strong>contra</strong></span> <span class='ocrx_word' id='word_1_168' title='bbox 823 2242 968 2302; x_wconf 73' lang='lat' dir='ltr'><strong>episcopum</strong></span> <span class='ocrx_word' id='word_1_169' title='bbox 978 2241 1166 2292; x_wconf 77' lang='lat' dir='ltr'><strong>describuntur.</strong></span> 
     </span>
    </p>
   </div>
   <div class='ocr_carea' id='block_1_6' title="bbox 212 2323 1250 2749">
    <p class='ocr_par' dir='ltr' id='par_1_8' title="bbox 212 2323 1250 2749">
     <span class='ocr_line' id='line_1_24' title="bbox 305 2323 1249 2400; baseline 0.004 -16"><span class='ocrx_word' id='word_1_170' title='bbox 305 2325 408 2385; x_wconf 80' lang='lat' dir='ltr'><strong>&#39;l&#39;estes</strong></span> <span class='ocrx_word' id='word_1_171' title='bbox 426 2325 455 2382; x_wconf 92' lang='lat' dir='ltr'><strong>in</strong></span> <span class='ocrx_word' id='word_1_172' title='bbox 474 2343 560 2384; x_wconf 89' lang='lat' dir='ltr'><strong>causa</strong></span> <span class='ocrx_word' id='word_1_173' title='bbox 579 2325 718 2384; x_wconf 88' lang='lat' dir='ltr'><strong>criminali</strong></span> <span class='ocrx_word' id='word_1_174' title='bbox 738 2323 774 2384; x_wconf 88' lang='lat' dir='ltr'><strong>ad</strong></span> <span class='ocrx_word' id='word_1_175' title='bbox 798 2326 1042 2400; x_wconf 79' lang='lat' dir='ltr'><strong>informationem,</strong></span> <span class='ocrx_word' id='word_1_176' title='bbox 1070 2329 1115 2388; x_wconf 87' lang='lat' dir='ltr'><strong>vel</strong></span> <span class='ocrx_word' id='word_1_177' title='bbox 1135 2329 1249 2400; x_wconf 84' lang='lat' dir='ltr'><strong>indicia,</strong></span> 
     </span>
     <span class='ocr_line' id='line_1_25' title="bbox 219 2411 1250 2491; baseline 0.004 -21"><span class='ocrx_word' id='word_1_178' title='bbox 219 2431 272 2472; x_wconf 88' lang='lat' dir='ltr'><strong>seu</strong></span> <span class='ocrx_word' id='word_1_179' title='bbox 291 2411 362 2469; x_wconf 90' lang='lat' dir='ltr'><strong>alias</strong></span> <span class='ocrx_word' id='word_1_180' title='bbox 380 2411 409 2468; x_wconf 94' lang='lat' dir='ltr'><strong>in</strong></span> <span class='ocrx_word' id='word_1_181' title='bbox 429 2428 516 2468; x_wconf 89' lang='lat' dir='ltr'><strong>eausa</strong></span> <span class='ocrx_word' id='word_1_182' title='bbox 532 2411 694 2489; x_wconf 83' lang='lat' dir='ltr'><strong>principali,</strong></span> <span class='ocrx_word' id='word_1_183' title='bbox 714 2421 816 2470; x_wconf 91' lang='lat' dir='ltr'><strong>contra</strong></span> <span class='ocrx_word' id='word_1_184' title='bbox 833 2413 1013 2491; x_wconf 86' lang='lat' dir='ltr'><strong>episcopum,</strong></span> <span class='ocrx_word' id='word_1_185' title='bbox 1033 2415 1086 2473; x_wconf 90' lang='lat' dir='ltr'><strong>nisi</strong></span> <span class='ocrx_word' id='word_1_186' title='bbox 1105 2425 1250 2475; x_wconf 89' lang='lat' dir='ltr'><strong>contestes</strong></span> 
     </span>
     <span class='ocr_line' id='line_1_26' title="bbox 222 2497 1250 2572; baseline 0.001 -15"><span class='ocrx_word' id='word_1_187' title='bbox 222 2508 253 2557; x_wconf 89' lang='lat' dir='ltr'><strong>et</strong></span> <span class='ocrx_word' id='word_1_188' title='bbox 269 2497 363 2555; x_wconf 88' lang='lat' dir='ltr'><strong>bonae</strong></span> <span class='ocrx_word' id='word_1_189' title='bbox 383 2497 623 2567; x_wconf 81' lang='lat' dir='ltr'><strong>conversationis,</strong></span> <span class='ocrx_word' id='word_1_190' title='bbox 647 2498 864 2557; x_wconf 80' lang='lat' dir='ltr'><strong>existimationis</strong></span> <span class='ocrx_word' id='word_1_191' title='bbox 887 2508 917 2558; x_wconf 91' lang='lat' dir='ltr'><strong>et</strong></span> <span class='ocrx_word' id='word_1_192' title='bbox 933 2499 1027 2558; x_wconf 84' lang='lat' dir='ltr'><strong>lamae</strong></span> <span class='ocrx_word' id='word_1_193' title='bbox 1050 2501 1172 2572; x_wconf 87' lang='lat' dir='ltr'><strong>fuerint,</strong></span> <span class='ocrx_word' id='word_1_194' title='bbox 1196 2522 1250 2560; x_wconf 92' lang='lat' dir='ltr'><strong>non</strong></span> 
     </span>
     <span class='ocr_line' id='line_1_27' title="bbox 212 2579 1250 2666; baseline 0.006 -25"><span class='ocrx_word' id='word_1_195' title='bbox 212 2582 415 2660; x_wconf 67' lang='lat' dir='ltr'><strong>&#39;recipianturq</strong></span> <span class='ocrx_word' id='word_1_196' title='bbox 437 2591 467 2639; x_wconf 89' lang='lat' dir='ltr'><strong>et</strong></span> <span class='ocrx_word' id='word_1_197' title='bbox 489 2580 514 2639; x_wconf 93' lang='lat' dir='ltr'><strong>si</strong></span> <span class='ocrx_word' id='word_1_198' title='bbox 533 2579 614 2654; x_wconf 90' lang='lat' dir='ltr'><strong>odio,</strong></span> <span class='ocrx_word' id='word_1_199' title='bbox 642 2584 804 2642; x_wconf 85' lang='lat' dir='ltr'><strong>temeritate</strong></span> <span class='ocrx_word' id='word_1_200' title='bbox 822 2594 872 2642; x_wconf 88' lang='lat' dir='ltr'><strong>ant</strong></span> <span class='ocrx_word' id='word_1_201' title='bbox 891 2583 1047 2663; x_wconf 89' lang='lat' dir='ltr'><strong>cupiditate</strong></span> <span class='ocrx_word' id='word_1_202' title='bbox 1071 2586 1179 2666; x_wconf 92' lang='lat' dir='ltr'><strong>aliquid</strong></span> <span class='ocrx_word' id='word_1_203' title='bbox 1202 2587 1250 2646; x_wconf 91' lang='lat' dir='ltr'><strong>de·</strong></span> 
     </span>
     <span class='ocr_line' id='line_1_28' title="bbox 218 2667 883 2749; baseline 0.002 -24"><span class='ocrx_word' id='word_1_204' title='bbox 218 2669 379 2747; x_wconf 87' lang='lat' dir='ltr'><strong>posuerint,</strong></span> <span class='ocrx_word' id='word_1_205' title='bbox 399 2667 532 2743; x_wconf 86' lang='lat' dir='ltr'><strong>gravihus</strong></span> <span class='ocrx_word' id='word_1_206' title='bbox 549 2669 651 2746; x_wconf 88' lang='lat' dir='ltr'><strong>poenis</strong></span> <span class='ocrx_word' id='word_1_207' title='bbox 670 2669 849 2728; x_wconf 89' lang='lat' dir='ltr'><strong>mulctentur.</strong></span> <span class='ocrx_word' id='word_1_208' title='bbox 878 2741 883 2749; x_wconf 29' lang='grc' dir='ltr'><strong><em>ι</em></strong></span> 
     </span>
    </p>
   </div>
   <div class='ocr_carea' id='block_1_7' title="bbox 265 2803 1209 2871">
    <p class='ocr_par' dir='ltr' id='par_1_9' title="bbox 265 2803 1209 2871">
     <span class='ocr_line' id='line_1_29' title="bbox 265 2803 1209 2871; baseline 0.011 -21"><span class='ocrx_word' id='word_1_209' title='bbox 265 2806 292 2854; x_wconf 81' lang='lat' dir='ltr'><strong>G.</strong></span> <span class='ocrx_word' id='word_1_210' title='bbox 302 2806 369 2850; x_wconf 82' lang='lat' dir='ltr'><strong>vlu.</strong></span> <span class='ocrx_word' id='word_1_211' title='bbox 407 2803 508 2851; x_wconf 73' lang='lat' dir='ltr'><strong>Graves</strong></span> <span class='ocrx_word' id='word_1_212' title='bbox 516 2807 691 2864; x_wconf 76' lang='lat' dir='ltr'><strong>episcoporum</strong></span> <span class='ocrx_word' id='word_1_213' title='bbox 700 2820 798 2854; x_wconf 79' lang='lat' dir='ltr'><strong>causae</strong></span> <span class='ocrx_word' id='word_1_214' title='bbox 811 2821 829 2852; x_wconf 85' lang='lat' dir='ltr'><strong>a</strong></span> <span class='ocrx_word' id='word_1_215' title='bbox 838 2807 915 2855; x_wconf 86' lang='lat' dir='ltr'><strong>Pont.</strong></span> <span class='ocrx_word' id='word_1_216' title='bbox 925 2809 1000 2859; x_wconf 72' lang='lat' dir='ltr'><strong>Mox.</strong></span> <span class='ocrx_word' id='word_1_217' title='bbox 1011 2818 1209 2871; x_wconf 73' lang='lat' dir='ltr'><strong>cognoscantur.</strong></span> 
     </span>
    </p>
   </div>
   <div class='ocr_carea' id='block_1_8' title="bbox 220 2889 1248 3140">
    <p class='ocr_par' dir='ltr' id='par_1_10' title="bbox 220 2889 1248 3140">
     <span class='ocr_line' id='line_1_30' title="bbox 309 2889 1248 2975; baseline 0.012 -29"><span class='ocrx_word' id='word_1_218' title='bbox 309 2889 420 2946; x_wconf 88' lang='lat' dir='ltr'><strong>Causae</strong></span> <span class='ocrx_word' id='word_1_219' title='bbox 440 2889 651 2970; x_wconf 89' lang='lat' dir='ltr'><strong>episcoporum,</strong></span> <span class='ocrx_word' id='word_1_220' title='bbox 672 2911 754 2970; x_wconf 90' lang='lat' dir='ltr'><strong>quum</strong></span> <span class='ocrx_word' id='word_1_221' title='bbox 774 2911 825 2970; x_wconf 94' lang='lat' dir='ltr'><strong>pro</strong></span> <span class='ocrx_word' id='word_1_222' title='bbox 845 2894 971 2952; x_wconf 88' lang='lat' dir='ltr'><strong>criminis</strong></span> <span class='ocrx_word' id='word_1_223' title='bbox 987 2893 1095 2954; x_wconf 87' lang='lat' dir='ltr'><strong>obiecti</strong></span> <span class='ocrx_word' id='word_1_224' title='bbox 1114 2899 1248 2975; x_wconf 88' lang='lat' dir='ltr'><strong>qualitate</strong></span> 
     </span>
     <span class='ocr_line' id='line_1_31' title="bbox 220 2971 1248 3057; baseline 0.008 -23"><span class='ocrx_word' id='word_1_225' title='bbox 220 2994 391 3055; x_wconf 87' lang='lat' dir='ltr'><strong>comparere</strong></span> <span class='ocrx_word' id='word_1_226' title='bbox 415 2971 553 3047; x_wconf 89' lang='lat' dir='ltr'><strong>debeant,</strong></span> <span class='ocrx_word' id='word_1_227' title='bbox 583 2995 680 3035; x_wconf 91' lang='lat' dir='ltr'><strong>coram</strong></span> <span class='ocrx_word' id='word_1_228' title='bbox 708 2977 847 3036; x_wconf 83' lang='lat' dir='ltr'><strong>Pontifice</strong></span> <span class='ocrx_word' id='word_1_229' title='bbox 871 2977 946 3037; x_wconf 81' lang='lat' dir='ltr'><strong>Max.</strong></span> <span class='ocrx_word' id='word_1_230' title='bbox 971 2981 1189 3057; x_wconf 79' lang='lat' dir='ltr'><strong>referantur⁴)‚</strong></span> <span class='ocrx_word' id='word_1_231' title='bbox 1217 3001 1248 3042; x_wconf 87' lang='lat' dir='ltr'><strong>at</strong></span> 
     </span>
     <span class='ocr_line' id='line_1_32' title="bbox 220 3063 599 3140; baseline 0.008 -21"><span class='ocrx_word' id='word_1_232' title='bbox 220 3081 274 3140; x_wconf 94' lang='lat' dir='ltr'><strong>per</strong></span> <span class='ocrx_word' id='word_1_233' title='bbox 292 3063 382 3140; x_wconf 92' lang='lat' dir='ltr'><strong>ipsum</strong></span> <span class='ocrx_word' id='word_1_234' title='bbox 402 3063 599 3122; x_wconf 86' lang='lat' dir='ltr'><strong>terminentur.</strong></span> 
     </span>
    </p>
   </div>
   <div class='ocr_carea' id='block_1_9' title="bbox 617 3307 857 3354">
    <p class='ocr_par' dir='ltr' id='par_1_11' title="bbox 617 3307 857 3354">
     <span class='ocr_line' id='line_1_33' title="bbox 617 3307 857 3354; baseline 0.008 -2"><span class='ocrx_word' id='word_1_235' title='bbox 617 3307 857 3354; x_wconf 73' lang='lat' dir='ltr'>DECRE&#39;PUM</span> 
     </span>
    </p>
   </div>
   <div class='ocr_carea' id='block_1_10' title="bbox 222 3387 1248 3535">
    <p class='ocr_par' dir='ltr' id='par_1_12' title="bbox 222 3387 1248 3535">
     <span class='ocr_line' id='line_1_34' title="bbox 222 3387 1248 3471; baseline 0.01 -18"><span class='ocrx_word' id='word_1_236' title='bbox 222 3408 421 3471; x_wconf 79' lang='lat' dir='ltr'><strong>Prorogott&#39;om&#39;a</strong></span> <span class='ocrx_word' id='word_1_237' title='bbox 430 3387 587 3466; x_wconf 75' lang='lat' dir='ltr'><strong>definitionis</strong></span> <span class='ocrx_word' id='word_1_238' title='bbox 602 3412 717 3468; x_wconf 83' lang='lat' dir='ltr'><strong>quotuor</strong></span> <span class='ocrx_word' id='word_1_239' title='bbox 730 3409 901 3456; x_wconf 77' lang='lat' dir='ltr'><strong>articulorum</strong></span> <span class='ocrx_word' id='word_1_240' title='bbox 915 3409 945 3455; x_wconf 79' lang='lat' dir='ltr'><strong>de</strong></span> <span class='ocrx_word' id='word_1_241' title='bbox 953 3419 1118 3460; x_wconf 76' lang='lat' dir='ltr'><strong>sacramento</strong></span> <span class='ocrx_word' id='word_1_242' title='bbox 1128 3414 1248 3462; x_wconf 67' lang='lat' dir='ltr'><strong>tuciori·</strong></span> 
     </span>
     <span class='ocr_line' id='line_1_35' title="bbox 409 3475 1062 3535; baseline 0.008 -11"><span class='ocrx_word' id='word_1_243' title='bbox 409 3477 485 3533; x_wconf 79' lang='lat' dir='ltr'><strong>nta&#39;oe,</strong></span> <span class='ocrx_word' id='word_1_244' title='bbox 495 3475 599 3523; x_wconf 69' lang='lat' dir='ltr'><strong>attatei</strong></span> <span class='ocrx_word' id='word_1_245' title='bbox 606 3475 747 3523; x_wconf 74' lang='lat' dir='ltr'><strong>conductus</strong></span> <span class='ocrx_word' id='word_1_246' title='bbox 757 3481 967 3535; x_wconf 75' lang='lat' dir='ltr'><strong>protestantibus</strong></span> <span class='ocrx_word' id='word_1_247' title='bbox 976 3480 1062 3529; x_wconf 75' lang='lat' dir='ltr'><strong>dandi.</strong></span> 
     </span>
    </p>
   </div>
   <div class='ocr_carea' id='block_1_11' title="bbox 222 3539 1248 3713">
    <p class='ocr_par' dir='ltr' id='par_1_13' title="bbox 222 3539 1248 3713">
     <span class='ocr_line' id='line_1_36' title="bbox 308 3539 1248 3628; baseline 0.01 -28"><span class='ocrx_word' id='word_1_248' title='bbox 308 3542 415 3602; x_wconf 83' lang='lat' dir='ltr'><strong>Eadem</strong></span> <span class='ocrx_word' id='word_1_249' title='bbox 443 3553 543 3602; x_wconf 88' lang='lat' dir='ltr'><strong>sancta</strong></span> <span class='ocrx_word' id='word_1_250' title='bbox 570 3539 696 3620; x_wconf 83' lang='lat' dir='ltr'><strong>synodus</strong></span> <span class='ocrx_word' id='word_1_251' title='bbox 724 3561 840 3604; x_wconf 85' lang='lat' dir='ltr'><strong>errores</strong></span> <span class='ocrx_word' id='word_1_252' title='bbox 868 3565 979 3618; x_wconf 87' lang='lat' dir='ltr'><strong>omnes,</strong></span> <span class='ocrx_word' id='word_1_253' title='bbox 1007 3551 1054 3627; x_wconf 91' lang='lat' dir='ltr'><strong>qui</strong></span> <span class='ocrx_word' id='word_1_254' title='bbox 1081 3567 1169 3628; x_wconf 90' lang='lat' dir='ltr'><strong>super</strong></span> <span class='ocrx_word' id='word_1_255' title='bbox 1195 3551 1248 3609; x_wconf 84' lang='lat' dir='ltr'><strong>hoe</strong></span> 
     </span>
     <span class='ocr_line' id='line_1_37' title="bbox 222 3626 1247 3713; baseline 0.007 -26"><span class='ocrx_word' id='word_1_256' title='bbox 222 3629 402 3687; x_wconf 89' lang='lat' dir='ltr'><strong>sanctissimo</strong></span> <span class='ocrx_word' id='word_1_257' title='bbox 421 3637 600 3687; x_wconf 85' lang='lat' dir='ltr'><strong>sacramento</strong></span> <span class='ocrx_word' id='word_1_258' title='bbox 619 3626 834 3706; x_wconf 82' lang='lat' dir='ltr'><strong>repullularunt,</strong></span> <span class='ocrx_word' id='word_1_259' title='bbox 854 3639 985 3710; x_wconf 88' lang='lat' dir='ltr'><strong>tanquam</strong></span> <span class='ocrx_word' id='word_1_260' title='bbox 1003 3653 1106 3712; x_wconf 91' lang='lat' dir='ltr'><strong>vepres</strong></span> <span class='ocrx_word' id='word_1_261' title='bbox 1125 3653 1163 3694; x_wconf 85' lang='lat' dir='ltr'><strong>ex</strong></span> <span class='ocrx_word' id='word_1_262' title='bbox 1181 3654 1247 3713; x_wconf 85' lang='lat' dir='ltr'><strong>agro</strong></span> 
     </span>
    </p>
   </div>
   <div class='ocr_carea' id='block_1_12' title="bbox 223 3771 1247 3931">
    <p class='ocr_par' dir='ltr' id='par_1_14' title="bbox 223 3771 1247 3931">
     <span class='ocr_line' id='line_1_38' title="bbox 223 3771 1247 3864; baseline 0.007 -48"><span class='ocrx_word' id='word_1_263' title='bbox 223 3821 243 3864; x_wconf 66' lang='lat' dir='ltr'>P</span> <span class='ocrx_word' id='word_1_264' title='bbox 274 3771 439 3836; x_wconf 53' lang='lat' dir='ltr'><strong>Sess3XlIl.</strong></span> <span class='ocrx_word' id='word_1_265' title='bbox 467 3776 488 3825; x_wconf 79' lang='lat'><strong>1)</strong></span> <span class='ocrx_word' id='word_1_266' title='bbox 498 3773 529 3817; x_wconf 81' lang='lat' dir='ltr'><strong>ci.</strong></span> <span class='ocrx_word' id='word_1_267' title='bbox 540 3787 560 3818; x_wconf 86' lang='lat' dir='ltr'><strong>c.</strong></span> <span class='ocrx_word' id='word_1_268' title='bbox 570 3772 689 3818; x_wconf 66' lang='grc' dir='ltr'><strong>ΜΗ.</strong></span> <span class='ocrx_word' id='word_1_269' title='bbox 700 3774 728 3817; x_wconf 81' lang='lat' dir='ltr'><strong>tle</strong></span> <span class='ocrx_word' id='word_1_270' title='bbox 739 3788 812 3818; x_wconf 81' lang='lat' dir='ltr'><strong>tenor.</strong></span> <span class='ocrx_word' id='word_1_271' title='bbox 823 3775 842 3818; x_wconf 94' lang='lat'><strong>1.</strong></span> <span class='ocrx_word' id='word_1_272' title='bbox 852 3779 872 3818; x_wconf 78' lang='grc'><strong>3.</strong></span> <span class='ocrx_word' id='word_1_273' title='bbox 884 3779 975 3828; x_wconf 74' lang='lat' dir='ltr'><strong>[innoc.</strong></span> <span class='ocrx_word' id='word_1_274' title='bbox 986 3780 1079 3834; x_wconf 67' lang='lat' dir='ltr'><strong>llll-</strong></span> <span class='ocrx_word' id='word_1_275' title='bbox 1095 3784 1119 3836; x_wconf 83' lang='lat'><strong>2)</strong></span> <span class='ocrx_word' id='word_1_276' title='bbox 1129 3795 1177 3826; x_wconf 85' lang='lat' dir='ltr'><strong>sec.</strong></span> <span class='ocrx_word' id='word_1_277' title='bbox 1188 3781 1247 3825; x_wconf 78' lang='lat' dir='ltr'><strong>verb.</strong></span> 
     </span>
     <span class='ocr_line' id='line_1_39' title="bbox 224 3822 1172 3931; baseline 0.015 -16"><span class='ocrx_word' id='word_1_278' title='bbox 224 3822 1010 3931; x_wconf 50' lang='lat' dir='ltr'><strong>aimfmffttltm.3:01.cateridem·“uf</strong></span> <span class='ocrx_word' id='word_1_279' title='bbox 1027 3837 1078 3875; x_wconf 77' lang='lat'><strong>‘·⁵·</strong></span> <span class='ocrx_word' id='word_1_280' title='bbox 1097 3855 1122 3865; x_wconf 86' lang='grc'><em>·</em></span> <span class='ocrx_word' id='word_1_281' title='bbox 1148 3835 1172 3886; x_wconf 73' lang='lat'><strong>⁴¹</strong></span> 
     </span>
    </p>
   </div>
   <div class='ocr_carea' id='block_1_13' title="bbox 0 0 1332 4324">
    <p class='ocr_par' dir='ltr' id='par_1_15' title="bbox 0 0 1332 4324">
     <span class='ocr_line' id='line_1_40' title="bbox 0 0 1332 4324; baseline 0 0"><span class='ocrx_word' id='word_1_282' title='bbox 0 0 1332 4324; x_wconf 95' lang='lat' dir='ltr'><strong> </strong></span> 
     </span>
    </p>
   </div>
  </div>
 </body>
</html>
