2654 4334
213 239 295 301 m
415 237 590 292 neruos.
609 235 737 290 ruore.
756 234 863 289 urea
882 215 1052 292 recuro.

299 380 346 442 Ad
364 389 520 440 extremum
538 397 608 438 vero
627 377 755 437 omnihus
774 375 904 436 fidelibus
922 377 1108 458 praecipitur,
1125 398 1161 437 ne
1178 381 1248 458 quis

215 465 320 528 audeat
338 475 440 526 contra
458 465 556 524 harum
575 464 737 542 regularum
751 463 968 542 praescriptum,
987 462 1245 526 authuiusiudiois

213 552 436 633 prohihitionem
455 550 544 610 lihros
562 549 673 628 aliquos
691 549 790 626 legere
808 557 858 608 aut
876 547 992 607 hahere.
1034 548 1116 622 Quod
1135 551 1159 607 si
1178 552 1244 628 quis

214 636 304 698 lihros
322 639 534 698 haereticorum
552 634 598 694 vel
618 635 741 693 cuiusvis
759 634 885 694 auctoris
903 634 1020 713 scripta,
1040 635 1077 694 oh
1096 634 1241 694 haeresim

211 725 258 784 vel
282 724 318 783 oh
340 723 405 784 falsi
428 720 569 800 dogmatis
595 721 795 798 suspicionem
813 717 945 779 damnata
969 725 1056 798 atque
1084 719 1241 799 prohibita,

212 811 318 888 legerit
339 811 399 868 sive
417 807 563 877 hahuerit,
587 807 681 864 statim
699 805 728 863 in
747 805 1050 865 excommunicationis
1068 806 1240 869 sententiam

211 896 349 954 incurrat.
390 892 445 966 Qui
461 911 532 951 vero
551 890 640 951 lihros
657 890 715 950 alio
735 890 849 950 nomine
867 889 1037 950 interdictos
1054 890 1171 969 legerit,
1191 902 1242 952 ant

211 979 353 1052 hahuerit,
372 987 490 1057 praeter
506 977 622 1057 peccati
632 976 761 1036 mortalis
770 986 889 1047 reatum,
910 975 1110 1054 qnoailicitur‚
1130 975 1239 1036 iudicio

211 1068 410 1148 episcoporum
428 1081 530 1124 severe
548 1062 691 1143 puniatur.

615 1191 827 1202 -ι-ιιιι-υ--ι--ι

501 1333 666 1390 nunna
683 1332 721 1389 s.
738 1333 786 1388 u.
804 1331 848 1386 ιι.
867 1332 956 1399 Pu,

235 1425 418 1499 DIVINA
442 1422 798 1497 PROVIDENTIA
819 1421 984 1494 PAPAE
1010 1422 1216 1514 QUARTI.

210 1537 277 1633 App
257 1537 345 1633 ondilid
342 1535 632 1644 ‘dr‘deadlbdpldat
625 1533 786 1642 uppptppume
723 1548 824 1628 ohiihdio
831 1584 872 1628 hon
834 1532 1235 1640 llhfihndedatqetsadhs

294 1663 360 1722 Pius
379 1662 455 1741 Papa
476 1661 535 1732 1V.‚
555 1660 592 1720 ad
610 1662 732 1720 loturam
751 1660 794 1719 rei
813 1661 986 1719 memoriam.

294 1747 436 1807 Dominici
455 1749 552 1825 gregis
571 1744 719 1824 custodiae
738 1745 859 1805 Domino
879 1743 1048 1824 disponente
1066 1747 1236 1826 praepositi,

208 1835 302 1912 vigilis
321 1853 399 1892 more
419 1835 543 1912 pastoris
562 1853 619 1890 non
632 1830 793 1892 desistimus
808 1831 861 1910 ipsi
876 1832 959 1909 gregi
974 1831 1009 1888 ah
1024 1831 1237 1892 imminentibus

155 1945 202 1986 aaa
207 1920 342 2000 periculis
357 1929 463 1998 quanta
478 1919 598 1978 maxima
612 1937 760 1998 possumus
771 1934 839 1975 cura
849 1925 880 1974 ct
889 1915 1037 1994 diligentia
1046 1935 1235 1996 praecavere,

207 2025 245 2065 ne
262 2016 382 2107 propter
402 2004 607 2082 negligentiam
630 2014 756 2062 nostram
779 2011 1004 2081 peccantem,
1029 2021 1101 2080 quae
1125 2006 1237 2082 pretio·

207 2092 317 2151 sissimo
336 2089 450 2149 Domini
472 2091 562 2148 nostri
585 2088 651 2149 lesu
669 2089 775 2148 Christi
802 2088 939 2166 sanguine
965 2096 1030 2146 sunt
1055 2085 1234 2169 redemptae.
1318 2109 1319 2136 1

207 2177 269 2235 Etsi
287 2187 381 2234 autem
400 2194 472 2256 quac
491 2172 527 2233 ad
546 2173 614 2234 fidei
631 2177 781 2234 veritatem
795 2171 1023 2253 patefaciendam
1038 2182 1068 2232 et
1082 2172 1119 2232 ad
1134 2175 1234 2235 horum

206 2273 364 2340 temporum
384 2261 520 2321 haereses
538 2259 727 2320 confutandas
748 2258 958 2339 pertinebant
949 2279 978 2318 ιιι
996 2264 1186 2320 oecumenico
1206 2273 1235 2320 et

206 2347 336 2426 generali
358 2347 484 2406 concilio
501 2343 672 2425 Tridentino
696 2346 788 2404 sancti
812 2342 934 2424 Spiritus
961 2345 1114 2405 assistente
1141 2349 1235 2424 gratia

205 2452 297 2512 nuper
314 2431 387 2490 adeo
407 2432 558 2490 enucleata
571 2451 606 2490 ac
622 2428 739 2490 delinita
757 2431 881 2502 luerunt,
900 2440 932 2488 ut
948 2430 1034 2490 lacila
1048 2432 1106 2490 iarn
1119 2431 1158 2490 sit
1172 2434 1234 2491 nni·

205 2519 308 2595 cuique
331 2534 428 2574 sanam
451 2516 677 2594 catholicamque
705 2515 865 2574 doctrinam
883 2535 901 2574 a
919 2516 992 2575 falsa
1015 2514 1232 2596 adulterinaque

203 2603 419 2673 internoscerc;
448 2609 556 2672 tamem
584 2619 668 2681 quum
692 2601 828 2661 lihrornm
852 2602 886 2661 ah
905 2601 1063 2661 haereticis
1089 2600 1231 2664 editorum

205 2689 294 2747 lectio
309 2705 366 2746 noo
381 2684 467 2746 modo
477 2685 806 2766 simplicioreshomioes
817 2687 1115 2765 eorrumperesolcat,
1134 2707 1232 2748 verum

205 2791 292 2853 saepe
312 2773 397 2832 etiam
416 2770 519 2832 doctos
538 2771 722 2852 eruditosque
741 2774 769 2832 in
787 2775 883 2833 varios
901 2791 1018 2833 errores
1032 2783 1062 2832 et
1077 2793 1094 2832 a
1107 2775 1231 2834 veritate
1316 2781 1317 2836 l

204 2858 272 2920 fidei
296 2859 457 2919 catholicae
480 2858 589 2918 alienas
613 2860 763 2940 opiniones
785 2857 936 2930 inducere,
964 2859 1030 2918 huic
1053 2877 1166 2939 quoqne
1189 2861 1232 2920 rei

70 2953 102 3012 Ἃ
204 2965 268 3006 esse
287 2944 416 3004 duximus
433 2942 648 3026 providendum.

117 3034 119 3044 '
289 3032 380 3104 Quum
398 3041 491 3090 autem
505 3032 679 3110 aptissimum
690 3032 718 3090 ei
733 3029 808 3090 malo
821 3028 976 3090 remedium
996 3049 1060 3090 esse
1079 3032 1229 3103 sciremus,

201 3119 226 3177 si
246 3127 467 3195 componeretur
484 3127 570 3195 atque
589 3115 725 3178 oderetur
739 3115 825 3176 iudex
839 3118 898 3196 sive
914 3117 1062 3194 catalogus
1081 3115 1229 3187 librorum,

202 3202 250 3282 qui
266 3202 312 3260 vel
333 3202 476 3261 haeretici
494 3203 560 3274 sint,
578 3202 625 3262 vel
644 3202 680 3262 de
699 3203 847 3262 haeretica
864 3203 1006 3282 pravitate
1024 3202 1161 3282 suspecti,
1185 3202 1229 3262 vel

201 3297 282 3346 certe
302 3287 427 3347 morihus
445 3298 476 3347 et
493 3289 595 3366 pietati
613 3289 755 3360 noceant,¹
769 3286 798 3347 id
816 3289 962 3366 negotium
980 3285 1018 3346 ud
1035 3306 1147 3347 sacram
1165 3287 1231 3346 Tri·

200 3371 344 3432 dentinam
362 3372 501 3454 synodum
520 3374 728 3448 reieceramus;
747 3393 783 3434 ea
796 3393 866 3434 vero
882 3393 920 3434 ex
934 3383 1013 3432 tanta
1027 3375 1229 3453 episcoporum
1314 3361 1315 3374 ¹

200 3469 230 3517 ct
248 3459 368 3518 aliorum
387 3458 616 3519 doctissimorum
639 3461 766 3519 virorum
787 3460 872 3538 copia
892 3459 1001 3538 delegit
1018 3457 1055 3519 ad
1074 3477 1138 3518 eum
1157 3479 1229 3517 eon·

200 3542 352 3601 lieieudum
375 3543 499 3604 indicem
522 3545 625 3604 multos
649 3563 711 3604 cunr
735 3544 866 3604 doctrina
889 3555 946 3604 tum
968 3542 1076 3604 iudicio
1099 3544 1229 3644 insigpes

198 3626 345 3706 praelatos
363 3647 401 3688 ex
419 3628 547 3690 omnibns
569 3631 633 3690 lero
656 3630 826 3692 nationibus.
876 3630 931 3704 Qui
952 3628 1066 3710 quidem
1089 3649 1147 3688 noo
1166 3630 1228 3688 siue

142 3782 152 3801 1
199 3714 321 3770 maximo
345 3713 445 3774 labore
469 3717 652 3795 plurimisque
675 3716 782 3794 vigiliis
805 3735 868 3776 eum
887 3714 1011 3818 indicem
1030 3713 1143 3774 tandem
1163 3713 1227 3773 Deo

199 3797 314 3855 iuvante
336 3799 535 3875 perfecerunt,
563 3800 698 3860 adhibitis
721 3801 807 3860 etiam
829 3803 858 3860 in
883 3775 1034 3862 concilium
1062 3799 1227 3859 lectissimis
1313 3865 1314 3889 p

199 3880 365 3958 quibusdam
384 3883 537 3961 theologis.
570 3885 693 3946 Peracto
712 3897 806 3946 autern
826 3887 960 3961 concilio,
980 3906 1062 3968 quum
1080 3903 1117 3944 ex
1136 3883 1227 3963 ipsius
1311 3939 1313 3976 ὲ
