<?xml version="1.0" encoding="UTF-8"?>
<!DOCTYPE html PUBLIC "-//W3C//DTD XHTML 1.0 Transitional//EN"
    "http://www.w3.org/TR/xhtml1/DTD/xhtml1-transitional.dtd">
<html xmlns="http://www.w3.org/1999/xhtml" xml:lang="en" lang="en">
 <head>
  <title>
</title>
<meta http-equiv="Content-Type" content="text/html;charset=utf-8" />
  <meta name='ocr-system' content='tesseract 3.04.00' />
  <meta name='ocr-capabilities' content='ocr_page ocr_carea ocr_par ocr_line ocrx_word'/>
</head>
<body>
  <div class='ocr_page' id='page_1' title='image "./canonesetdecret00stergoog_0087.png"; bbox 0 0 2652 4330; ppageno 0'>
   <div class='ocr_carea' id='block_1_1' title="bbox 217 241 1108 309">
    <p class='ocr_par' dir='ltr' id='par_1_1' title="bbox 217 241 1108 309">
     <span class='ocr_line' id='line_1_1' title="bbox 217 241 1108 309; baseline -0.01 0"><span class='ocrx_word' id='word_1_1' title='bbox 217 242 274 309; x_wconf 71' lang='lat' dir='ltr'>at</span> <span class='ocrx_word' id='word_1_2' title='bbox 365 243 533 303; x_wconf 34' lang='lat' dir='ltr'>ernesto</span> <span class='ocrx_word' id='word_1_3' title='bbox 559 242 637 298; x_wconf 76' lang='lat' dir='ltr'><strong>xlv.</strong></span> <span class='ocrx_word' id='word_1_4' title='bbox 671 243 733 297; x_wconf 80' lang='lat' dir='ltr'>nn</span> <span class='ocrx_word' id='word_1_5' title='bbox 759 241 1108 300; x_wconf 77' lang='lat' dir='ltr'>nonusnuurrs.</span> 
     </span>
    </p>
   </div>
   <div class='ocr_carea' id='block_1_2' title="bbox 161 383 1317 2603">
    <p class='ocr_par' dir='ltr' id='par_1_2' title="bbox 219 383 1257 472">
     <span class='ocr_line' id='line_1_2' title="bbox 219 383 1257 472; baseline -0.002 -21"><span class='ocrx_word' id='word_1_6' title='bbox 219 391 337 472; x_wconf 81' lang='lat' dir='ltr'>quidem</span> <span class='ocrx_word' id='word_1_7' title='bbox 354 387 448 449; x_wconf 87' lang='lat' dir='ltr'>vidcri</span> <span class='ocrx_word' id='word_1_8' title='bbox 465 397 573 468; x_wconf 80' lang='lat' dir='ltr'>posset,</span> <span class='ocrx_word' id='word_1_9' title='bbox 592 386 647 446; x_wconf 87' lang='lat' dir='ltr'>nisi</span> <span class='ocrx_word' id='word_1_10' title='bbox 664 395 710 444; x_wconf 86' lang='lat' dir='ltr'>tot</span> <span class='ocrx_word' id='word_1_11' title='bbox 730 387 873 466; x_wconf 61' lang='lat' dir='ltr'>tantique</span> <span class='ocrx_word' id='word_1_12' title='bbox 892 383 1049 446; x_wconf 66' lang='lat' dir='ltr'>comodis</span> <span class='ocrx_word' id='word_1_13' title='bbox 1071 397 1102 446; x_wconf 85' lang='lat' dir='ltr'>et</span> <span class='ocrx_word' id='word_1_14' title='bbox 1121 389 1257 450; x_wconf 73' lang='lat' dir='ltr'>somata·</span> 
     </span>
    </p>

    <p class='ocr_par' dir='ltr' id='par_1_3' title="bbox 161 469 1258 1577">
     <span class='ocr_line' id='line_1_3' title="bbox 161 469 1255 552; baseline 0 -16"><span class='ocrx_word' id='word_1_15' title='bbox 161 506 163 514; x_wconf 55' lang='lat'><strong><em>¹</em></strong></span> <span class='ocrx_word' id='word_1_16' title='bbox 224 476 348 536; x_wconf 88' lang='lat' dir='ltr'>tionibus</span> <span class='ocrx_word' id='word_1_17' title='bbox 367 476 526 545; x_wconf 83' lang='lat' dir='ltr'>levaretur,</span> <span class='ocrx_word' id='word_1_18' title='bbox 553 490 627 552; x_wconf 86' lang='lat' dir='ltr'>quac</span> <span class='ocrx_word' id='word_1_19' title='bbox 651 471 780 531; x_wconf 78' lang='lat' dir='ltr'>omnihus</span> <span class='ocrx_word' id='word_1_20' title='bbox 802 470 889 550; x_wconf 72' lang='lat' dir='ltr'>dignc</span> <span class='ocrx_word' id='word_1_21' title='bbox 911 469 949 530; x_wconf 85' lang='lat' dir='ltr'>ad</span> <span class='ocrx_word' id='word_1_22' title='bbox 970 471 1027 532; x_wconf 88' lang='lat' dir='ltr'>hoc</span> <span class='ocrx_word' id='word_1_23' title='bbox 1045 484 1255 536; x_wconf 79' lang='lat' dir='ltr'>sacramentum</span> 
     </span>
     <span class='ocr_line' id='line_1_4' title="bbox 224 557 1256 640; baseline -0.003 -18"><span class='ocrx_word' id='word_1_24' title='bbox 224 561 428 624; x_wconf 74' lang='lat' dir='ltr'>accedentibus</span> <span class='ocrx_word' id='word_1_25' title='bbox 446 578 500 640; x_wconf 87' lang='lat' dir='ltr'>per</span> <span class='ocrx_word' id='word_1_26' title='bbox 520 557 729 618; x_wconf 82' lang='lat' dir='ltr'>ahsolutionem</span> <span class='ocrx_word' id='word_1_27' title='bbox 751 558 911 617; x_wconf 72' lang='lat' dir='ltr'>certissime</span> <span class='ocrx_word' id='word_1_28' title='bbox 934 557 1132 618; x_wconf 77' lang='lat' dir='ltr'>conlemntnr.</span> <span class='ocrx_word' id='word_1_29' title='bbox 1170 558 1256 619; x_wconf 81' lang='lat' dir='ltr'>Gete-</span> 
     </span>
     <span class='ocr_line' id='line_1_5' title="bbox 224 639 1253 727; baseline -0.006 -17"><span class='ocrx_word' id='word_1_30' title='bbox 224 669 294 721; x_wconf 89' lang='lat' dir='ltr'>rum,</span> <span class='ocrx_word' id='word_1_31' title='bbox 314 646 407 727; x_wconf 85' lang='lat' dir='ltr'>quaed</span> <span class='ocrx_word' id='word_1_32' title='bbox 426 644 538 705; x_wconf 79' lang='lat' dir='ltr'>modurn</span> <span class='ocrx_word' id='word_1_33' title='bbox 557 640 714 703; x_wconf 81' lang='lat' dir='ltr'>confitendi</span> <span class='ocrx_word' id='word_1_34' title='bbox 732 653 848 702; x_wconf 85' lang='lat' dir='ltr'>secroto</span> <span class='ocrx_word' id='word_1_35' title='bbox 866 639 942 721; x_wconf 87' lang='lat' dir='ltr'>apud</span> <span class='ocrx_word' id='word_1_36' title='bbox 959 641 1050 702; x_wconf 89' lang='lat' dir='ltr'>solum</span> <span class='ocrx_word' id='word_1_37' title='bbox 1060 641 1253 716; x_wconf 71' lang='lat' dir='ltr'>sacerdotem,</span> 
     </span>
     <span class='ocr_line' id='line_1_6' title="bbox 224 727 1255 808; baseline -0.006 -13"><span class='ocrx_word' id='word_1_38' title='bbox 224 736 278 796; x_wconf 88' lang='lat' dir='ltr'>etsi</span> <span class='ocrx_word' id='word_1_39' title='bbox 298 735 427 792; x_wconf 84' lang='lat' dir='ltr'>Christos</span> <span class='ocrx_word' id='word_1_40' title='bbox 450 749 507 789; x_wconf 90' lang='lat' dir='ltr'>non</span> <span class='ocrx_word' id='word_1_41' title='bbox 529 731 667 800; x_wconf 82' lang='lat' dir='ltr'>vetuerit,</span> <span class='ocrx_word' id='word_1_42' title='bbox 696 729 763 808; x_wconf 88' lang='lat' dir='ltr'>quin</span> <span class='ocrx_word' id='word_1_43' title='bbox 784 729 889 808; x_wconf 86' lang='lat' dir='ltr'>aliquis</span> <span class='ocrx_word' id='word_1_44' title='bbox 911 729 940 787; x_wconf 95' lang='lat' dir='ltr'>in</span> <span class='ocrx_word' id='word_1_45' title='bbox 962 727 1117 788; x_wconf 82' lang='lat' dir='ltr'>vindictam</span> <span class='ocrx_word' id='word_1_46' title='bbox 1142 749 1255 789; x_wconf 79' lang='lat' dir='ltr'>suorum</span> 
     </span>
     <span class='ocr_line' id='line_1_7' title="bbox 215 812 1256 894; baseline -0.007 -13"><span class='ocrx_word' id='word_1_47' title='bbox 215 820 363 881; x_wconf 81' lang='lat' dir='ltr'>scelerum</span> <span class='ocrx_word' id='word_1_48' title='bbox 387 828 418 876; x_wconf 86' lang='lat' dir='ltr'>et</span> <span class='ocrx_word' id='word_1_49' title='bbox 444 817 487 874; x_wconf 86' lang='lat' dir='ltr'>sni</span> <span class='ocrx_word' id='word_1_50' title='bbox 514 813 748 885; x_wconf 77' lang='lat' dir='ltr'>humiliationem,</span> <span class='ocrx_word' id='word_1_51' title='bbox 776 833 840 872; x_wconf 90' lang='lat' dir='ltr'>cum</span> <span class='ocrx_word' id='word_1_52' title='bbox 867 812 905 873; x_wconf 91' lang='lat' dir='ltr'>oh</span> <span class='ocrx_word' id='word_1_53' title='bbox 936 813 1057 872; x_wconf 84' lang='lat' dir='ltr'>aliorum</span> <span class='ocrx_word' id='word_1_54' title='bbox 1085 815 1256 894; x_wconf 83' lang='lat' dir='ltr'>exemplum,</span> 
     </span>
     <span class='ocr_line' id='line_1_8' title="bbox 220 897 1258 979; baseline -0.004 -15"><span class='ocrx_word' id='word_1_55' title='bbox 220 915 281 964; x_wconf 89' lang='lat' dir='ltr'>tum</span> <span class='ocrx_word' id='word_1_56' title='bbox 303 903 340 961; x_wconf 91' lang='lat' dir='ltr'>oh</span> <span class='ocrx_word' id='word_1_57' title='bbox 365 901 509 961; x_wconf 82' lang='lat' dir='ltr'>ecclesiae</span> <span class='ocrx_word' id='word_1_58' title='bbox 532 898 660 959; x_wconf 77' lang='lat' dir='ltr'>offensae</span> <span class='ocrx_word' id='word_1_59' title='bbox 684 898 914 959; x_wconf 76' lang='lat' dir='ltr'>aedificatione·</span> <span class='ocrx_word' id='word_1_60' title='bbox 937 897 1046 959; x_wconf 80' lang='lat' dir='ltr'>delicta</span> <span class='ocrx_word' id='word_1_61' title='bbox 1067 919 1119 958; x_wconf 85' lang='lat' dir='ltr'>sua</span> <span class='ocrx_word' id='word_1_62' title='bbox 1140 900 1258 979; x_wconf 83' lang='lat' dir='ltr'>publice</span> 
     </span>
     <span class='ocr_line' id='line_1_9' title="bbox 223 983 1257 1066; baseline -0.004 -16"><span class='ocrx_word' id='word_1_63' title='bbox 223 989 356 1051; x_wconf 83' lang='lat' dir='ltr'>oonlitori</span> <span class='ocrx_word' id='word_1_64' title='bbox 374 986 479 1066; x_wconf 79' lang='lat' dir='ltr'>possit:</span> <span class='ocrx_word' id='word_1_65' title='bbox 516 1003 573 1043; x_wconf 91' lang='lat' dir='ltr'>non</span> <span class='ocrx_word' id='word_1_66' title='bbox 592 993 637 1044; x_wconf 88' lang='lat' dir='ltr'>ost</span> <span class='ocrx_word' id='word_1_67' title='bbox 656 994 749 1043; x_wconf 82' lang='lat' dir='ltr'>tamen</span> <span class='ocrx_word' id='word_1_68' title='bbox 767 985 823 1043; x_wconf 90' lang='lat' dir='ltr'>hoc</span> <span class='ocrx_word' id='word_1_69' title='bbox 843 983 938 1043; x_wconf 86' lang='lat' dir='ltr'>divino</span> <span class='ocrx_word' id='word_1_70' title='bbox 961 995 1120 1064; x_wconf 79' lang='lat' dir='ltr'>praecepto</span> <span class='ocrx_word' id='word_1_71' title='bbox 1140 985 1257 1046; x_wconf 84' lang='lat' dir='ltr'>mande·</span> 
     </span>
     <span class='ocr_line' id='line_1_10' title="bbox 220 1069 1258 1148; baseline -0.003 -14"><span class='ocrx_word' id='word_1_72' title='bbox 220 1087 295 1146; x_wconf 88' lang='lat' dir='ltr'>tum,</span> <span class='ocrx_word' id='word_1_73' title='bbox 319 1091 373 1132; x_wconf 83' lang='lat' dir='ltr'>ncc</span> <span class='ocrx_word' id='word_1_74' title='bbox 392 1072 461 1130; x_wconf 84' lang='lat' dir='ltr'>satis</span> <span class='ocrx_word' id='word_1_75' title='bbox 480 1069 610 1128; x_wconf 85' lang='lat' dir='ltr'>consalta</span> <span class='ocrx_word' id='word_1_76' title='bbox 628 1069 751 1129; x_wconf 80' lang='lat' dir='ltr'>humana</span> <span class='ocrx_word' id='word_1_77' title='bbox 769 1070 865 1148; x_wconf 85' lang='lat' dir='ltr'>aliqua</span> <span class='ocrx_word' id='word_1_78' title='bbox 884 1070 949 1147; x_wconf 84' lang='lat' dir='ltr'>lege</span> <span class='ocrx_word' id='word_1_79' title='bbox 967 1073 1206 1148; x_wconf 78' lang='lat' dir='ltr'>praeciperetur,</span> <span class='ocrx_word' id='word_1_80' title='bbox 1228 1082 1258 1130; x_wconf 90' lang='lat' dir='ltr'>ut</span> 
     </span>
     <span class='ocr_line' id='line_1_11' title="bbox 221 1154 1257 1237; baseline -0.004 -17"><span class='ocrx_word' id='word_1_81' title='bbox 221 1159 345 1230; x_wconf 83' lang='lat' dir='ltr'>delicta,</span> <span class='ocrx_word' id='word_1_82' title='bbox 372 1156 542 1236; x_wconf 86' lang='lat' dir='ltr'>praesertim</span> <span class='ocrx_word' id='word_1_83' title='bbox 565 1165 694 1224; x_wconf 82' lang='lat' dir='ltr'>secreta,</span> <span class='ocrx_word' id='word_1_84' title='bbox 723 1154 838 1234; x_wconf 88' lang='lat' dir='ltr'>puhlica</span> <span class='ocrx_word' id='word_1_85' title='bbox 861 1165 958 1214; x_wconf 87' lang='lat' dir='ltr'>essent</span> <span class='ocrx_word' id='word_1_86' title='bbox 980 1155 1164 1217; x_wconf 78' lang='lat' dir='ltr'>confossione</span> <span class='ocrx_word' id='word_1_87' title='bbox 1188 1177 1257 1237; x_wconf 83' lang='lat' dir='ltr'>npe-</span> 
     </span>
     <span class='ocr_line' id='line_1_12' title="bbox 223 1239 1257 1320; baseline -0.003 -15"><span class='ocrx_word' id='word_1_88' title='bbox 223 1242 332 1305; x_wconf 86' lang='lat' dir='ltr'>rienda.</span> <span class='ocrx_word' id='word_1_89' title='bbox 353 1241 433 1302; x_wconf 82' lang='lat' dir='ltr'>Unde</span> <span class='ocrx_word' id='word_1_90' title='bbox 445 1259 528 1320; x_wconf 88' lang='lat' dir='ltr'>quum</span> <span class='ocrx_word' id='word_1_91' title='bbox 538 1259 555 1299; x_wconf 85' lang='lat' dir='ltr'>a</span> <span class='ocrx_word' id='word_1_92' title='bbox 565 1240 751 1300; x_wconf 78' lang='lat' dir='ltr'>sanctissimis</span> <span class='ocrx_word' id='word_1_93' title='bbox 761 1250 792 1298; x_wconf 87' lang='lat' dir='ltr'>ct</span> <span class='ocrx_word' id='word_1_94' title='bbox 801 1241 1000 1318; x_wconf 82' lang='lat' dir='ltr'>antiquissimis</span> <span class='ocrx_word' id='word_1_95' title='bbox 1010 1239 1145 1301; x_wconf 85' lang='lat' dir='ltr'>Patribus</span> <span class='ocrx_word' id='word_1_96' title='bbox 1154 1259 1257 1320; x_wconf 77' lang='lat' dir='ltr'>magno</span> 
     </span>
     <span class='ocr_line' id='line_1_13' title="bbox 222 1326 1258 1407; baseline -0.004 -17"><span class='ocrx_word' id='word_1_97' title='bbox 222 1330 402 1407; x_wconf 80' lang='lat' dir='ltr'>unanimique</span> <span class='ocrx_word' id='word_1_98' title='bbox 414 1344 555 1387; x_wconf 86' lang='lat' dir='ltr'>consensa</span> <span class='ocrx_word' id='word_1_99' title='bbox 565 1335 680 1384; x_wconf 80' lang='lat' dir='ltr'>secreta</span> <span class='ocrx_word' id='word_1_100' title='bbox 691 1326 836 1386; x_wconf 77' lang='lat' dir='ltr'>consessio</span> <span class='ocrx_word' id='word_1_101' title='bbox 847 1326 1070 1398; x_wconf 80' lang='lat' dir='ltr'>saersmentslis,</span> <span class='ocrx_word' id='word_1_102' title='bbox 1082 1345 1138 1405; x_wconf 84' lang='lat' dir='ltr'>quo</span> <span class='ocrx_word' id='word_1_103' title='bbox 1152 1327 1191 1387; x_wconf 80' lang='lat' dir='ltr'>oh</span> <span class='ocrx_word' id='word_1_104' title='bbox 1204 1329 1258 1388; x_wconf 87' lang='lat' dir='ltr'>ini·</span> 
     </span>
     <span class='ocr_line' id='line_1_14' title="bbox 223 1410 1258 1492; baseline -0.002 -18"><span class='ocrx_word' id='word_1_105' title='bbox 223 1419 264 1474; x_wconf 89' lang='lat' dir='ltr'>tio</span> <span class='ocrx_word' id='word_1_106' title='bbox 280 1415 406 1474; x_wconf 85' lang='lat' dir='ltr'>ecclesia</span> <span class='ocrx_word' id='word_1_107' title='bbox 424 1421 586 1470; x_wconf 82' lang='lat' dir='ltr'>senatansa</span> <span class='ocrx_word' id='word_1_108' title='bbox 604 1421 658 1481; x_wconf 87' lang='lat' dir='ltr'>est,</span> <span class='ocrx_word' id='word_1_109' title='bbox 678 1421 708 1470; x_wconf 92' lang='lat' dir='ltr'>et</span> <span class='ocrx_word' id='word_1_110' title='bbox 726 1410 810 1470; x_wconf 90' lang='lat' dir='ltr'>modo</span> <span class='ocrx_word' id='word_1_111' title='bbox 830 1412 915 1470; x_wconf 85' lang='lat' dir='ltr'>otiam</span> <span class='ocrx_word' id='word_1_112' title='bbox 933 1412 1031 1482; x_wconf 88' lang='lat' dir='ltr'>utitur,</span> <span class='ocrx_word' id='word_1_113' title='bbox 1045 1412 1258 1492; x_wconf 83' lang='lat' dir='ltr'>lncritsemper</span> 
     </span>
     <span class='ocr_line' id='line_1_15' title="bbox 225 1495 1256 1577; baseline -0.004 -17"><span class='ocrx_word' id='word_1_114' title='bbox 225 1498 437 1568; x_wconf 84' lang='lat' dir='ltr'>commendata,</span> <span class='ocrx_word' id='word_1_115' title='bbox 456 1497 607 1556; x_wconf 80' lang='lat' dir='ltr'>manifeste</span> <span class='ocrx_word' id='word_1_116' title='bbox 630 1495 774 1555; x_wconf 82' lang='lat' dir='ltr'>refellitur</span> <span class='ocrx_word' id='word_1_117' title='bbox 800 1498 892 1556; x_wconf 86' lang='lat' dir='ltr'>inanis</span> <span class='ocrx_word' id='word_1_118' title='bbox 909 1515 1008 1556; x_wconf 89' lang='lat' dir='ltr'>eornm</span> <span class='ocrx_word' id='word_1_119' title='bbox 1028 1497 1184 1570; x_wconf 85' lang='lat' dir='ltr'>calumnia,</span> <span class='ocrx_word' id='word_1_120' title='bbox 1208 1500 1256 1577; x_wconf 85' lang='lat' dir='ltr'>qni</span> 
     </span>
    </p>

    <p class='ocr_par' dir='ltr' id='par_1_4' title="bbox 176 1580 1318 2603">
     <span class='ocr_line' id='line_1_16' title="bbox 176 1580 1257 1662; baseline 0.001 -19"><span class='ocrx_word' id='word_1_121' title='bbox 176 1604 286 1647; x_wconf 77' lang='lat' dir='ltr'>stream</span> <span class='ocrx_word' id='word_1_122' title='bbox 310 1606 327 1644; x_wconf 87' lang='lat' dir='ltr'>a</span> <span class='ocrx_word' id='word_1_123' title='bbox 351 1583 456 1662; x_wconf 32' lang='lat' dir='ltr'>divino·</span> <span class='ocrx_word' id='word_1_124' title='bbox 478 1580 612 1641; x_wconf 79' lang='lat' dir='ltr'>mandato</span> <span class='ocrx_word' id='word_1_125' title='bbox 643 1581 766 1640; x_wconf 82' lang='lat' dir='ltr'>alienam</span> <span class='ocrx_word' id='word_1_126' title='bbox 789 1591 820 1640; x_wconf 85' lang='lat' dir='ltr'>et</span> <span class='ocrx_word' id='word_1_127' title='bbox 841 1583 984 1641; x_wconf 88' lang='lat' dir='ltr'>inventum</span> <span class='ocrx_word' id='word_1_128' title='bbox 1007 1582 1157 1642; x_wconf 85' lang='lat' dir='ltr'>humanum</span> <span class='ocrx_word' id='word_1_129' title='bbox 1181 1603 1257 1654; x_wconf 84' lang='lat' dir='ltr'>esse,</span> 
     </span>
     <span class='ocr_line' id='line_1_17' title="bbox 223 1666 1255 1751; baseline -0.002 -19"><span class='ocrx_word' id='word_1_130' title='bbox 223 1683 308 1751; x_wconf 84' lang='lat' dir='ltr'>atque</span> <span class='ocrx_word' id='word_1_131' title='bbox 326 1691 344 1730; x_wconf 86' lang='lat' dir='ltr'>a</span> <span class='ocrx_word' id='word_1_132' title='bbox 361 1668 493 1731; x_wconf 86' lang='lat' dir='ltr'>Patribus</span> <span class='ocrx_word' id='word_1_133' title='bbox 503 1670 530 1742; x_wconf 84' lang='lat'>1)</span> <span class='ocrx_word' id='word_1_134' title='bbox 550 1669 578 1726; x_wconf 93' lang='lat' dir='ltr'>in</span> <span class='ocrx_word' id='word_1_135' title='bbox 597 1666 922 1728; x_wconf 81' lang='lat' dir='ltr'>concilioLnteranensi</span> <span class='ocrx_word' id='word_1_136' title='bbox 940 1669 1126 1746; x_wconf 80' lang='lat' dir='ltr'>congregatis</span> <span class='ocrx_word' id='word_1_137' title='bbox 1143 1670 1255 1730; x_wconf 83' lang='lat' dir='ltr'>initium</span> 
     </span>
     <span class='ocr_line' id='line_1_18' title="bbox 223 1753 1259 1833; baseline -0.004 -17"><span class='ocrx_word' id='word_1_138' title='bbox 223 1758 365 1826; x_wconf 86' lang='lat' dir='ltr'>habuisse,</span> <span class='ocrx_word' id='word_1_139' title='bbox 385 1753 493 1814; x_wconf 82' lang='lat' dir='ltr'>docere</span> <span class='ocrx_word' id='word_1_140' title='bbox 512 1772 569 1812; x_wconf 87' lang='lat' dir='ltr'>non</span> <span class='ocrx_word' id='word_1_141' title='bbox 591 1762 742 1824; x_wconf 81' lang='lat' dir='ltr'>vorentur3</span> <span class='ocrx_word' id='word_1_142' title='bbox 771 1771 863 1831; x_wconf 83' lang='lat' dir='ltr'>neque</span> <span class='ocrx_word' id='word_1_143' title='bbox 884 1754 961 1812; x_wconf 83' lang='lat' dir='ltr'>onim</span> <span class='ocrx_word' id='word_1_144' title='bbox 984 1771 1037 1833; x_wconf 87' lang='lat' dir='ltr'>per</span> <span class='ocrx_word' id='word_1_145' title='bbox 1058 1753 1259 1816; x_wconf 83' lang='lat' dir='ltr'>Lateranense</span> 
     </span>
     <span class='ocr_line' id='line_1_19' title="bbox 224 1836 1258 1912; baseline -0.004 -10"><span class='ocrx_word' id='word_1_146' title='bbox 224 1843 377 1902; x_wconf 86' lang='lat' dir='ltr'>concilium</span> <span class='ocrx_word' id='word_1_147' title='bbox 402 1841 529 1900; x_wconf 85' lang='lat' dir='ltr'>ecclesia</span> <span class='ocrx_word' id='word_1_148' title='bbox 551 1840 704 1911; x_wconf 83' lang='lat' dir='ltr'>statuit²)‚</span> <span class='ocrx_word' id='word_1_149' title='bbox 732 1848 763 1898; x_wconf 89' lang='lat' dir='ltr'>ut</span> <span class='ocrx_word' id='word_1_150' title='bbox 782 1838 888 1898; x_wconf 84' lang='lat' dir='ltr'>Christi</span> <span class='ocrx_word' id='word_1_151' title='bbox 911 1836 1012 1899; x_wconf 87' lang='lat' dir='ltr'>lideles</span> <span class='ocrx_word' id='word_1_152' title='bbox 1039 1839 1258 1912; x_wconf 79' lang='lat' dir='ltr'>confiterentur,</span> 
     </span>
     <span class='ocr_line' id='line_1_20' title="bbox 224 1925 1256 2008; baseline -0.004 -21"><span class='ocrx_word' id='word_1_153' title='bbox 224 1927 300 2008; x_wconf 89' lang='lat' dir='ltr'>qnod</span> <span class='ocrx_word' id='word_1_154' title='bbox 319 1930 381 1987; x_wconf 88' lang='lat' dir='ltr'>inre</span> <span class='ocrx_word' id='word_1_155' title='bbox 400 1925 498 1986; x_wconf 88' lang='lat' dir='ltr'>divino</span> <span class='ocrx_word' id='word_1_156' title='bbox 521 1926 717 1986; x_wconf 86' lang='lat' dir='ltr'>necessarium</span> <span class='ocrx_word' id='word_1_157' title='bbox 739 1935 771 1984; x_wconf 86' lang='lat' dir='ltr'>et</span> <span class='ocrx_word' id='word_1_158' title='bbox 790 1925 948 1984; x_wconf 88' lang='lat' dir='ltr'>institutum</span> <span class='ocrx_word' id='word_1_159' title='bbox 971 1943 1036 1986; x_wconf 85' lang='lat' dir='ltr'>esse</span> <span class='ocrx_word' id='word_1_160' title='bbox 1058 1925 1256 1997; x_wconf 78' lang='lat' dir='ltr'>intellexerst3</span> 
     </span>
     <span class='ocr_line' id='line_1_21' title="bbox 223 2011 1258 2093; baseline -0.004 -19"><span class='ocrx_word' id='word_1_161' title='bbox 223 2012 274 2074; x_wconf 87' lang='lat' dir='ltr'>sod</span> <span class='ocrx_word' id='word_1_162' title='bbox 293 2025 324 2072; x_wconf 91' lang='lat' dir='ltr'>nt</span> <span class='ocrx_word' id='word_1_163' title='bbox 341 2022 526 2093; x_wconf 82' lang='lat' dir='ltr'>praeceptum</span> <span class='ocrx_word' id='word_1_164' title='bbox 544 2012 734 2072; x_wconf 83' lang='lat' dir='ltr'>confessionis</span> <span class='ocrx_word' id='word_1_165' title='bbox 752 2011 853 2070; x_wconf 78' lang='lat' dir='ltr'>saltem</span> <span class='ocrx_word' id='word_1_166' title='bbox 871 2011 959 2070; x_wconf 86' lang='lat' dir='ltr'>semel</span> <span class='ocrx_word' id='word_1_167' title='bbox 973 2011 1003 2070; x_wconf 90' lang='lat' dir='ltr'>in</span> <span class='ocrx_word' id='word_1_168' title='bbox 1016 2029 1093 2070; x_wconf 78' lang='lat' dir='ltr'>anno</span> <span class='ocrx_word' id='word_1_169' title='bbox 1109 2011 1148 2070; x_wconf 84' lang='lat' dir='ltr'>ah</span> <span class='ocrx_word' id='word_1_170' title='bbox 1166 2012 1258 2072; x_wconf 90' lang='lat' dir='ltr'>omni·</span> 
     </span>
     <span class='ocr_line' id='line_1_22' title="bbox 205 2095 1257 2177; baseline -0.002 -19"><span class='ocrx_word' id='word_1_171' title='bbox 205 2101 276 2164; x_wconf 53' lang='lat' dir='ltr'>,has</span> <span class='ocrx_word' id='word_1_172' title='bbox 294 2110 325 2158; x_wconf 84' lang='lat' dir='ltr'>et</span> <span class='ocrx_word' id='word_1_173' title='bbox 343 2099 471 2177; x_wconf 75' lang='lat' dir='ltr'>singulis,</span> <span class='ocrx_word' id='word_1_174' title='bbox 492 2117 575 2176; x_wconf 84' lang='lat' dir='ltr'>quum</span> <span class='ocrx_word' id='word_1_175' title='bbox 592 2096 630 2157; x_wconf 82' lang='lat' dir='ltr'>nd</span> <span class='ocrx_word' id='word_1_176' title='bbox 649 2116 740 2156; x_wconf 90' lang='lat' dir='ltr'>annos</span> <span class='ocrx_word' id='word_1_177' title='bbox 762 2095 945 2157; x_wconf 84' lang='lat' dir='ltr'>discretionis</span> <span class='ocrx_word' id='word_1_178' title='bbox 967 2098 1181 2176; x_wconf 83' lang='lat' dir='ltr'>pervenissent,</span> <span class='ocrx_word' id='word_1_179' title='bbox 1205 2097 1257 2156; x_wconf 89' lang='lat' dir='ltr'>im-</span> 
     </span>
     <span class='ocr_line' id='line_1_23' title="bbox 224 2182 1317 2262; baseline 0.005 -19"><span class='ocrx_word' id='word_1_180' title='bbox 224 2186 361 2262; x_wconf 82' lang='lat' dir='ltr'>pleretur.</span> <span class='ocrx_word' id='word_1_181' title='bbox 400 2182 481 2242; x_wconf 86' lang='lat' dir='ltr'>Unde</span> <span class='ocrx_word' id='word_1_182' title='bbox 503 2185 559 2241; x_wconf 82' lang='lat' dir='ltr'>iam</span> <span class='ocrx_word' id='word_1_183' title='bbox 583 2183 612 2240; x_wconf 92' lang='lat' dir='ltr'>in</span> <span class='ocrx_word' id='word_1_184' title='bbox 635 2184 768 2241; x_wconf 82' lang='lat' dir='ltr'>aniverso</span> <span class='ocrx_word' id='word_1_185' title='bbox 791 2182 917 2242; x_wconf 81' lang='lat' dir='ltr'>ecclesia</span> <span class='ocrx_word' id='word_1_186' title='bbox 934 2202 998 2242; x_wconf 91' lang='lat' dir='ltr'>cnm</span> <span class='ocrx_word' id='word_1_187' title='bbox 1021 2183 1131 2260; x_wconf 72' lang='lat' dir='ltr'>ingenti</span> <span class='ocrx_word' id='word_1_188' title='bbox 1148 2185 1259 2244; x_wconf 79' lang='lat' dir='ltr'>noima·</span> <span class='ocrx_word' id='word_1_189' title='bbox 1316 2241 1317 2248; x_wconf 72' lang='grc'>,</span> 
     </span>
     <span class='ocr_line' id='line_1_24' title="bbox 224 2265 1258 2342; baseline -0.002 -14"><span class='ocrx_word' id='word_1_190' title='bbox 224 2289 286 2328; x_wconf 88' lang='lat' dir='ltr'>ram</span> <span class='ocrx_word' id='word_1_191' title='bbox 310 2267 438 2342; x_wconf 82' lang='lat' dir='ltr'>{idolium</span> <span class='ocrx_word' id='word_1_192' title='bbox 456 2268 552 2326; x_wconf 77' lang='lat' dir='ltr'>fructu</span> <span class='ocrx_word' id='word_1_193' title='bbox 580 2265 749 2326; x_wconf 81' lang='lat' dir='ltr'>observetur</span> <span class='ocrx_word' id='word_1_194' title='bbox 775 2287 836 2327; x_wconf 86' lang='lat' dir='ltr'>mos</span> <span class='ocrx_word' id='word_1_195' title='bbox 862 2269 911 2328; x_wconf 87' lang='lat' dir='ltr'>ille</span> <span class='ocrx_word' id='word_1_196' title='bbox 938 2269 1071 2328; x_wconf 86' lang='lat' dir='ltr'>salutaris</span> <span class='ocrx_word' id='word_1_197' title='bbox 1099 2267 1258 2330; x_wconf 84' lang='lat' dir='ltr'>confitendi</span> 
     </span>
     <span class='ocr_line' id='line_1_25' title="bbox 217 2352 1257 2434; baseline 0 -20"><span class='ocrx_word' id='word_1_198' title='bbox 217 2361 309 2414; x_wconf 85' lang='lat' dir='ltr'>&#39;sacro</span> <span class='ocrx_word' id='word_1_199' title='bbox 328 2355 378 2413; x_wconf 91' lang='lat' dir='ltr'>illo</span> <span class='ocrx_word' id='word_1_200' title='bbox 394 2364 424 2413; x_wconf 87' lang='lat' dir='ltr'>et</span> <span class='ocrx_word' id='word_1_201' title='bbox 436 2354 558 2412; x_wconf 82' lang='lat' dir='ltr'>maxime</span> <span class='ocrx_word' id='word_1_202' title='bbox 571 2352 745 2432; x_wconf 78' lang='lat' dir='ltr'>acceptabili</span> <span class='ocrx_word' id='word_1_203' title='bbox 760 2363 888 2433; x_wconf 85' lang='lat' dir='ltr'>tempore</span> <span class='ocrx_word' id='word_1_204' title='bbox 904 2352 1158 2432; x_wconf 80' lang='lat' dir='ltr'>Quadragesimac,</span> <span class='ocrx_word' id='word_1_205' title='bbox 1173 2373 1257 2434; x_wconf 82' lang='lat' dir='ltr'>quem</span> 
     </span>
     <span class='ocr_line' id='line_1_26' title="bbox 224 2436 1260 2519; baseline -0.001 -21"><span class='ocrx_word' id='word_1_206' title='bbox 224 2459 334 2498; x_wconf 84' lang='lat' dir='ltr'>morem</span> <span class='ocrx_word' id='word_1_207' title='bbox 360 2439 432 2498; x_wconf 81' lang='lat' dir='ltr'>hacc</span> <span class='ocrx_word' id='word_1_208' title='bbox 460 2447 559 2497; x_wconf 79' lang='lat' dir='ltr'>sancta</span> <span class='ocrx_word' id='word_1_209' title='bbox 585 2436 712 2517; x_wconf 82' lang='lat' dir='ltr'>synodus</span> <span class='ocrx_word' id='word_1_210' title='bbox 741 2441 861 2499; x_wconf 82' lang='lat' dir='ltr'>maxime</span> <span class='ocrx_word' id='word_1_211' title='bbox 889 2439 993 2518; x_wconf 80' lang='lat' dir='ltr'>prohat</span> <span class='ocrx_word' id='word_1_212' title='bbox 1019 2449 1051 2498; x_wconf 88' lang='lat' dir='ltr'>et</span> <span class='ocrx_word' id='word_1_213' title='bbox 1075 2440 1260 2519; x_wconf 76' lang='lat' dir='ltr'>amplectitur</span> 
     </span>
     <span class='ocr_line' id='line_1_27' title="bbox 225 2523 828 2603; baseline 0.002 -20"><span class='ocrx_word' id='word_1_214' title='bbox 225 2536 356 2603; x_wconf 57' lang='lat' dir='ltr'>tanmem</span> <span class='ocrx_word' id='word_1_215' title='bbox 374 2525 451 2603; x_wconf 91' lang='lat' dir='ltr'>pium</span> <span class='ocrx_word' id='word_1_216' title='bbox 469 2533 500 2582; x_wconf 87' lang='lat' dir='ltr'>et</span> <span class='ocrx_word' id='word_1_217' title='bbox 516 2524 620 2583; x_wconf 82' lang='lat' dir='ltr'>merito</span> <span class='ocrx_word' id='word_1_218' title='bbox 637 2523 828 2584; x_wconf 85' lang='lat' dir='ltr'>retinendum.</span> 
     </span>
    </p>
   </div>
   <div class='ocr_carea' id='block_1_3' title="bbox 363 2633 1120 2694">
    <p class='ocr_par' dir='ltr' id='par_1_5' title="bbox 363 2633 1120 2694">
     <span class='ocr_line' id='line_1_28' title="bbox 363 2633 1120 2694; baseline 0.005 -4"><span class='ocrx_word' id='word_1_219' title='bbox 363 2645 390 2692; x_wconf 84' lang='lat'>0.</span> <span class='ocrx_word' id='word_1_220' title='bbox 399 2645 442 2690; x_wconf 85' lang='lat' dir='ltr'>vt.</span> <span class='ocrx_word' id='word_1_221' title='bbox 477 2641 518 2690; x_wconf 84' lang='lat' dir='ltr'>Dc</span> <span class='ocrx_word' id='word_1_222' title='bbox 527 2646 647 2692; x_wconf 73' lang='lat' dir='ltr'>ministro</span> <span class='ocrx_word' id='word_1_223' title='bbox 657 2644 735 2692; x_wconf 77' lang='lat' dir='ltr'>haias</span> <span class='ocrx_word' id='word_1_224' title='bbox 745 2648 906 2693; x_wconf 79' lang='lat' dir='ltr'>sacramenti</span> <span class='ocrx_word' id='word_1_225' title='bbox 914 2633 941 2693; x_wconf 66' lang='lat' dir='ltr'>ct</span> <span class='ocrx_word' id='word_1_226' title='bbox 952 2646 1120 2694; x_wconf 79' lang='lat' dir='ltr'>absolutionc.</span> 
     </span>
    </p>
   </div>
   <div class='ocr_carea' id='block_1_4' title="bbox 206 2729 1314 3750">
    <p class='ocr_par' dir='ltr' id='par_1_6' title="bbox 206 2729 1314 3750">
     <span class='ocr_line' id='line_1_29' title="bbox 311 2729 1259 2790; baseline 0.004 -4"><span class='ocrx_word' id='word_1_227' title='bbox 311 2729 398 2788; x_wconf 85' lang='lat' dir='ltr'>Circa</span> <span class='ocrx_word' id='word_1_228' title='bbox 416 2729 574 2787; x_wconf 87' lang='lat' dir='ltr'>ministrum</span> <span class='ocrx_word' id='word_1_229' title='bbox 593 2739 687 2789; x_wconf 85' lang='lat' dir='ltr'>autem</span> <span class='ocrx_word' id='word_1_230' title='bbox 706 2729 788 2788; x_wconf 90' lang='lat' dir='ltr'>huius</span> <span class='ocrx_word' id='word_1_231' title='bbox 810 2731 981 2790; x_wconf 84' lang='lat' dir='ltr'>sacramenti</span> <span class='ocrx_word' id='word_1_232' title='bbox 1005 2729 1136 2790; x_wconf 85' lang='lat' dir='ltr'>declarat</span> <span class='ocrx_word' id='word_1_233' title='bbox 1158 2741 1259 2790; x_wconf 80' lang='lat' dir='ltr'>sancta</span> 
     </span>
     <span class='ocr_line' id='line_1_30' title="bbox 211 2811 1314 2896; baseline -0.002 -22"><span class='ocrx_word' id='word_1_234' title='bbox 211 2811 365 2896; x_wconf 80' lang='lat' dir='ltr'>synodus,</span> <span class='ocrx_word' id='word_1_235' title='bbox 393 2813 480 2873; x_wconf 83' lang='lat' dir='ltr'>falsos</span> <span class='ocrx_word' id='word_1_236' title='bbox 508 2833 571 2873; x_wconf 85' lang='lat' dir='ltr'>esse</span> <span class='ocrx_word' id='word_1_237' title='bbox 598 2823 629 2873; x_wconf 84' lang='lat' dir='ltr'>ct</span> <span class='ocrx_word' id='word_1_238' title='bbox 655 2834 672 2873; x_wconf 85' lang='lat' dir='ltr'>a</span> <span class='ocrx_word' id='word_1_239' title='bbox 695 2817 816 2874; x_wconf 79' lang='lat' dir='ltr'>veritate</span> <span class='ocrx_word' id='word_1_240' title='bbox 844 2817 987 2895; x_wconf 83' lang='lat' dir='ltr'>evangelii</span> <span class='ocrx_word' id='word_1_241' title='bbox 1013 2817 1125 2894; x_wconf 85' lang='lat' dir='ltr'>penitus</span> <span class='ocrx_word' id='word_1_242' title='bbox 1149 2817 1258 2877; x_wconf 83' lang='lat' dir='ltr'>alienas</span> <span class='ocrx_word' id='word_1_243' title='bbox 1313 2861 1314 2872; x_wconf 67' lang='grc'>,</span> 
     </span>
     <span class='ocr_line' id='line_1_31' title="bbox 226 2897 1259 2982; baseline 0 -22"><span class='ocrx_word' id='word_1_244' title='bbox 226 2900 372 2960; x_wconf 85' lang='lat' dir='ltr'>doctrinas</span> <span class='ocrx_word' id='word_1_245' title='bbox 400 2919 516 2972; x_wconf 87' lang='lat' dir='ltr'>omnes,</span> <span class='ocrx_word' id='word_1_246' title='bbox 545 2918 617 2978; x_wconf 85' lang='lat' dir='ltr'>quae</span> <span class='ocrx_word' id='word_1_247' title='bbox 645 2897 682 2959; x_wconf 86' lang='lat' dir='ltr'>ad</span> <span class='ocrx_word' id='word_1_248' title='bbox 708 2901 782 2959; x_wconf 84' lang='lat' dir='ltr'>alios</span> <span class='ocrx_word' id='word_1_249' title='bbox 811 2904 925 2980; x_wconf 87' lang='lat' dir='ltr'>quosvis</span> <span class='ocrx_word' id='word_1_250' title='bbox 952 2903 1119 2976; x_wconf 81' lang='lat' dir='ltr'>homines⁸)</span> <span class='ocrx_word' id='word_1_251' title='bbox 1139 2913 1259 2982; x_wconf 82' lang='lat' dir='ltr'>praeter</span> 
     </span>
     <span class='ocr_line' id='line_1_32' title="bbox 225 2984 1259 3067; baseline -0.002 -20"><span class='ocrx_word' id='word_1_252' title='bbox 225 2989 378 3067; x_wconf 85' lang='lat' dir='ltr'>episcopos</span> <span class='ocrx_word' id='word_1_253' title='bbox 396 2995 427 3047; x_wconf 87' lang='lat' dir='ltr'>et</span> <span class='ocrx_word' id='word_1_254' title='bbox 444 2984 613 3046; x_wconf 81' lang='lat' dir='ltr'>sacerdotes</span> <span class='ocrx_word' id='word_1_255' title='bbox 632 2986 750 3045; x_wconf 83' lang='lat' dir='ltr'>clavium</span> <span class='ocrx_word' id='word_1_256' title='bbox 770 2989 954 3046; x_wconf 88' lang='lat' dir='ltr'>ministerium</span> <span class='ocrx_word' id='word_1_257' title='bbox 973 2987 1138 3066; x_wconf 85' lang='lat' dir='ltr'>perniciose</span> <span class='ocrx_word' id='word_1_258' title='bbox 1156 2997 1259 3047; x_wconf 84' lang='lat' dir='ltr'>exten-</span> 
     </span>
     <span class='ocr_line' id='line_1_33' title="bbox 225 3070 1259 3152; baseline 0.001 -21"><span class='ocrx_word' id='word_1_259' title='bbox 225 3071 303 3144; x_wconf 90' lang='lat' dir='ltr'>dunt,</span> <span class='ocrx_word' id='word_1_260' title='bbox 322 3083 456 3152; x_wconf 81' lang='lat' dir='ltr'>putantes</span> <span class='ocrx_word' id='word_1_261' title='bbox 472 3071 563 3131; x_wconf 85' lang='lat' dir='ltr'>verba</span> <span class='ocrx_word' id='word_1_262' title='bbox 581 3071 630 3131; x_wconf 90' lang='lat' dir='ltr'>illa</span> <span class='ocrx_word' id='word_1_263' title='bbox 646 3070 815 3144; x_wconf 80' lang='lat' dir='ltr'>Domini⁴):</span> <span class='ocrx_word' id='word_1_264' title='bbox 839 3075 1035 3151; x_wconf 72' lang='lat' dir='ltr'>Ortaccunqae</span> <span class='ocrx_word' id='word_1_265' title='bbox 1055 3073 1259 3151; x_wconf 75' lang='lat' dir='ltr'>alligaveritis</span> 
     </span>
     <span class='ocr_line' id='line_1_34' title="bbox 224 3158 1259 3236; baseline -0.001 -19"><span class='ocrx_word' id='word_1_266' title='bbox 224 3177 313 3236; x_wconf 83' lang='lat' dir='ltr'>super</span> <span class='ocrx_word' id='word_1_267' title='bbox 332 3168 452 3230; x_wconf 84' lang='lat' dir='ltr'>terram,</span> <span class='ocrx_word' id='word_1_268' title='bbox 473 3168 561 3217; x_wconf 78' lang='lat' dir='ltr'>erunt</span> <span class='ocrx_word' id='word_1_269' title='bbox 579 3158 676 3236; x_wconf 80' lang='lat' dir='ltr'>ligata</span> <span class='ocrx_word' id='word_1_270' title='bbox 695 3167 727 3217; x_wconf 85' lang='lat' dir='ltr'>et</span> <span class='ocrx_word' id='word_1_271' title='bbox 742 3161 772 3216; x_wconf 79' lang='lat' dir='ltr'>in</span> <span class='ocrx_word' id='word_1_272' title='bbox 791 3160 885 3229; x_wconf 87' lang='lat' dir='ltr'>coelo,</span> <span class='ocrx_word' id='word_1_273' title='bbox 905 3169 938 3217; x_wconf 83' lang='lat' dir='ltr'>et</span> <span class='ocrx_word' id='word_1_274' title='bbox 953 3177 1145 3236; x_wconf 80' lang='lat' dir='ltr'>quaecunque</span> <span class='ocrx_word' id='word_1_275' title='bbox 1161 3159 1259 3218; x_wconf 82' lang='lat' dir='ltr'>salve-</span> 
     </span>
     <span class='ocr_line' id='line_1_35' title="bbox 209 3237 1312 3322; baseline 0.001 -19"><span class='ocrx_word' id='word_1_276' title='bbox 209 3237 293 3303; x_wconf 63' lang='lat' dir='ltr'>&#39;rs‘tis</span> <span class='ocrx_word' id='word_1_277' title='bbox 309 3261 400 3322; x_wconf 84' lang='lat' dir='ltr'>super</span> <span class='ocrx_word' id='word_1_278' title='bbox 423 3252 547 3312; x_wconf 84' lang='lat' dir='ltr'>terram,</span> <span class='ocrx_word' id='word_1_279' title='bbox 572 3253 660 3302; x_wconf 82' lang='lat' dir='ltr'>crunt</span> <span class='ocrx_word' id='word_1_280' title='bbox 680 3244 992 3316; x_wconf 79' lang='lat' dir='ltr'>solutaett&#39;rscoe103</span> <span class='ocrx_word' id='word_1_281' title='bbox 1014 3243 1098 3318; x_wconf 77' lang='lat' dir='ltr'>et⁶)=</span> <span class='ocrx_word' id='word_1_282' title='bbox 1128 3247 1259 3321; x_wconf 76' lang='lat' dir='ltr'>Quorum</span> <span class='ocrx_word' id='word_1_283' title='bbox 1310 3299 1312 3304; x_wconf 81' lang='grc'>,</span> 
     </span>
     <span class='ocr_line' id='line_1_36' title="bbox 208 3330 1258 3410; baseline 0.001 -23"><span class='ocrx_word' id='word_1_284' title='bbox 208 3331 399 3410; x_wconf 27' lang='lat' dir='ltr'>&#39;remiseritis</span> <span class='ocrx_word' id='word_1_285' title='bbox 412 3337 556 3406; x_wconf 82' lang='lat' dir='ltr'>peccata,</span> <span class='ocrx_word' id='word_1_286' title='bbox 575 3331 765 3388; x_wconf 81' lang='lat' dir='ltr'>remittuntur</span> <span class='ocrx_word' id='word_1_287' title='bbox 783 3331 839 3400; x_wconf 72' lang='grc' dir='ltr'>είες</span> <span class='ocrx_word' id='word_1_288' title='bbox 871 3338 1038 3408; x_wconf 70' lang='lat' dir='ltr'>etquenam</span> <span class='ocrx_word' id='word_1_289' title='bbox 1062 3330 1258 3399; x_wconf 79' lang='lat' dir='ltr'>rctt‘nuerr‘tr‘s,</span> 
     </span>
     <span class='ocr_line' id='line_1_37' title="bbox 209 3409 1258 3492; baseline -0.001 -20"><span class='ocrx_word' id='word_1_290' title='bbox 209 3423 444 3488; x_wconf 69' lang='lat' dir='ltr'>retentarunt,</span> <span class='ocrx_word' id='word_1_291' title='bbox 472 3409 508 3471; x_wconf 84' lang='lat' dir='ltr'>ad</span> <span class='ocrx_word' id='word_1_292' title='bbox 532 3429 629 3470; x_wconf 87' lang='lat' dir='ltr'>omnes</span> <span class='ocrx_word' id='word_1_293' title='bbox 653 3411 759 3472; x_wconf 86' lang='lat' dir='ltr'>Christi</span> <span class='ocrx_word' id='word_1_294' title='bbox 782 3412 883 3473; x_wconf 83' lang='lat' dir='ltr'>fideles</span> <span class='ocrx_word' id='word_1_295' title='bbox 905 3413 1106 3474; x_wconf 81' lang='lat' dir='ltr'>indifferenter</span> <span class='ocrx_word' id='word_1_296' title='bbox 1131 3421 1162 3472; x_wconf 87' lang='lat' dir='ltr'>et</span> <span class='ocrx_word' id='word_1_297' title='bbox 1186 3433 1258 3492; x_wconf 83' lang='lat' dir='ltr'>prs·</span> 
     </span>
     <span class='ocr_line' id='line_1_38' title="bbox 209 3496 1257 3571; baseline 0.008 -21"><span class='ocrx_word' id='word_1_298' title='bbox 209 3545 211 3550; x_wconf 91' lang='lat'><em>.</em></span> <span class='ocrx_word' id='word_1_299' title='bbox 227 3499 333 3558; x_wconf 81' lang='lat' dir='ltr'>miscuo</span> <span class='ocrx_word' id='word_1_300' title='bbox 352 3508 454 3557; x_wconf 85' lang='lat' dir='ltr'>contra</span> <span class='ocrx_word' id='word_1_301' title='bbox 471 3496 676 3556; x_wconf 86' lang='lat' dir='ltr'>institutionem</span> <span class='ocrx_word' id='word_1_302' title='bbox 690 3498 772 3558; x_wconf 85' lang='lat' dir='ltr'>huius</span> <span class='ocrx_word' id='word_1_303' title='bbox 786 3501 957 3560; x_wconf 80' lang='lat' dir='ltr'>sacramenti</span> <span class='ocrx_word' id='word_1_304' title='bbox 973 3501 1012 3558; x_wconf 87' lang='lat' dir='ltr'>ita</span> <span class='ocrx_word' id='word_1_305' title='bbox 1027 3501 1113 3558; x_wconf 86' lang='lat' dir='ltr'>luisse</span> <span class='ocrx_word' id='word_1_306' title='bbox 1132 3497 1257 3571; x_wconf 72' lang='lat' dir='ltr'>dictat),</span> 
     </span>
     <span class='ocr_line' id='line_1_39' title="bbox 209 3575 1259 3665; baseline 0.002 -25"><span class='ocrx_word' id='word_1_307' title='bbox 209 3575 257 3652; x_wconf 64' lang='lat' dir='ltr'>[nt</span> <span class='ocrx_word' id='word_1_308' title='bbox 281 3583 370 3662; x_wconf 80' lang='lat' dir='ltr'>quivis</span> <span class='ocrx_word' id='word_1_309' title='bbox 392 3575 565 3662; x_wconf 75' lang='lat' dir='ltr'>potestatem</span> <span class='ocrx_word' id='word_1_310' title='bbox 583 3581 690 3642; x_wconf 85' lang='lat' dir='ltr'>haheat</span> <span class='ocrx_word' id='word_1_311' title='bbox 710 3584 875 3645; x_wconf 82' lang='lat' dir='ltr'>remittendi</span> <span class='ocrx_word' id='word_1_312' title='bbox 893 3595 1028 3665; x_wconf 80' lang='lat' dir='ltr'>peccata,</span> <span class='ocrx_word' id='word_1_313' title='bbox 1056 3585 1171 3663; x_wconf 85' lang='lat' dir='ltr'>puhlicn</span> <span class='ocrx_word' id='word_1_314' title='bbox 1196 3586 1259 3663; x_wconf 90' lang='lat' dir='ltr'>qni·</span> 
     </span>
     <span class='ocr_line' id='line_1_40' title="bbox 206 3663 1258 3750; baseline 0.001 -23"><span class='ocrx_word' id='word_1_315' title='bbox 206 3663 363 3747; x_wconf 48' lang='lat' dir='ltr'>‘dem&#39;per</span> <span class='ocrx_word' id='word_1_316' title='bbox 382 3671 605 3747; x_wconf 84' lang='lat' dir='ltr'>eorreptionem,</span> <span class='ocrx_word' id='word_1_317' title='bbox 626 3670 649 3726; x_wconf 91' lang='lat' dir='ltr'>si</span> <span class='ocrx_word' id='word_1_318' title='bbox 669 3681 819 3750; x_wconf 88' lang='lat' dir='ltr'>correptas</span> <span class='ocrx_word' id='word_1_319' title='bbox 837 3673 1029 3750; x_wconf 78' lang='lat' dir='ltr'>acquieverit3</span> <span class='ocrx_word' id='word_1_320' title='bbox 1051 3679 1167 3730; x_wconf 79' lang='lat' dir='ltr'>secreta</span> <span class='ocrx_word' id='word_1_321' title='bbox 1184 3687 1258 3729; x_wconf 86' lang='lat' dir='ltr'>vero</span> 
     </span>
    </p>
   </div>
   <div class='ocr_carea' id='block_1_5' title="bbox 213 3813 1258 3876">
    <p class='ocr_par' dir='ltr' id='par_1_7' title="bbox 213 3813 1258 3876">
     <span class='ocr_line' id='line_1_41' title="bbox 213 3813 1258 3876; baseline 0.009 -20"><span class='ocrx_word' id='word_1_322' title='bbox 213 3823 240 3834; x_wconf 74' lang='grc'><em>”</em></span> <span class='ocrx_word' id='word_1_323' title='bbox 268 3813 438 3858; x_wconf 72' lang='lat' dir='ltr'>susm.</span> <span class='ocrx_word' id='word_1_324' title='bbox 465 3815 852 3874; x_wconf 44' lang='lat' dir='ltr'>ilci-vitnlrttlepocn.castrtn</span> <span class='ocrx_word' id='word_1_325' title='bbox 871 3833 897 3854; x_wconf 84' lang='grc'>-’·</span> <span class='ocrx_word' id='word_1_326' title='bbox 925 3821 980 3874; x_wconf 65' lang='lat' dir='ltr'>ulo.</span> <span class='ocrx_word' id='word_1_327' title='bbox 996 3817 1216 3876; x_wconf 49' lang='lat' dir='ltr'>remanseris</span> <span class='ocrx_word' id='word_1_328' title='bbox 1227 3815 1258 3860; x_wconf 76' lang='lat' dir='ltr'>V=</span> 
     </span>
    </p>
   </div>
   <div class='ocr_carea' id='block_1_6' title="bbox 214 3864 1258 3971">
    <p class='ocr_par' dir='ltr' id='par_1_8' title="bbox 214 3864 1258 3971">
     <span class='ocr_line' id='line_1_42' title="bbox 214 3864 1258 3971; baseline 0.008 -12"><span class='ocrx_word' id='word_1_329' title='bbox 214 3864 1046 3971; x_wconf 54' lang='lat' dir='ltr'>‘rs-ruasstruantur,straet-xum</span> <span class='ocrx_word' id='word_1_330' title='bbox 1155 3869 1258 3938; x_wconf 71' lang='grc' dir='ltr'>ΝΝΝ</span> 
     </span>
    </p>
   </div>
   <div class='ocr_carea' id='block_1_7' title="bbox 0 0 1339 4330">
    <p class='ocr_par' dir='ltr' id='par_1_9' title="bbox 0 0 1339 4330">
     <span class='ocr_line' id='line_1_43' title="bbox 0 0 1339 4330; baseline 0 0"><span class='ocrx_word' id='word_1_331' title='bbox 0 0 1339 4330; x_wconf 95' lang='lat' dir='ltr'> </span> 
     </span>
    </p>
   </div>
  </div>
 </body>
</html>
