2654 4330
96 263 99 272 ¹
156 255 158 264 “
219 225 304 322 nsa-
402 259 672 316 snssroxxrv.
712 257 1046 316 uunnsonmar.

220 398 393 480 spondeant,
416 419 509 479 neque
528 400 715 460 ecclesiarum
733 400 899 460 necessitati
917 397 1069 469 sufficiant,
1096 408 1239 460 examinet

222 485 373 546 concilium
390 485 576 564 provinciale,
594 484 705 544 vocatis
722 482 766 555 iis,
786 503 903 562 quornm
921 484 1050 554 interest,
1070 493 1101 542 et
1118 482 1238 562 diligen-

168 580 267 636 mter
288 568 461 652 expendat,
479 589 547 648 quas
569 580 689 648 propter
714 569 860 646 angustias
885 568 1110 646 tenuitatemque
1141 569 1238 628 ricinis
1315 625 1316 632 ,

220 643 1238 732 nmNJwawmmmuwmufflm3emwme

221 738 258 799 de
284 741 448 819 praemissis
475 741 660 798 instrumenta
687 734 724 797 ad
747 757 880 798 summum
899 737 1054 798 Romanum
1072 736 1238 798 Pontificem

220 825 326 897 mittat,
354 823 454 903 quihus
476 826 630 883 instructus
649 842 775 885 summus
792 821 926 884 Pontifex
948 841 986 882 ex
1007 821 1160 902 prudentia
1182 844 1238 898 sua,

220 919 306 989 prout
323 908 460 989 expedire
480 907 663 978 iudicaverit,
686 918 735 966 out
751 917 853 968 tenues
871 908 992 967 invicem
1011 908 1104 979 uniat,
1123 919 1174 968 aut
1190 909 1240 968 ali·

221 1015 276 1075 qna
302 996 470 1056 accessione
497 1013 535 1054 ex
560 993 699 1053 fructibus
725 1002 839 1070 augeat.
884 992 1000 1052 Interim
1025 1011 1111 1063 vero,
1149 992 1240 1055 donec

220 1078 370 1159 praedicta
388 1079 521 1142 effectum
537 1080 700 1150 sortiantur,
711 1075 870 1140 huiusmodi
880 1078 1032 1157 episcopis,
1044 1078 1090 1157 qui
1101 1078 1241 1140 fructuum

221 1164 407 1225 subventione
431 1183 483 1243 pro
507 1162 650 1225 dioecesis
668 1182 736 1224 snae
755 1165 893 1224 tenuitate
911 1160 1056 1240 indigent,
1079 1164 1189 1241 peterit
1207 1162 1241 1222 de

220 1249 369 1328 beneficiis
387 1248 541 1328 aliquibus,
560 1248 624 1310 dum
644 1259 737 1308 tamen
756 1259 855 1308 curata
874 1267 929 1311 nou
948 1249 1018 1318 sint,
1046 1267 1101 1308 uec
1120 1246 1243 1326 dignita·

221 1345 279 1406 tes,
298 1353 349 1396 seu
367 1335 566 1405 emunitates,
586 1344 616 1394 et
633 1332 830 1413 praebendae,
855 1352 909 1392 nec
928 1334 1164 1404 monasteriam
1184 1335 1241 1412 qui·

135 1439 142 1448 ·
220 1418 273 1478 bus
289 1419 369 1496 viget
386 1418 528 1496 regularis
546 1419 742 1490 observantia,
761 1419 807 1478 vel
826 1437 898 1497 quae
918 1419 1049 1496 capitulis
1059 1418 1239 1496 generalibus

221 1513 252 1562 et
275 1505 363 1564 certis
381 1503 575 1564 visitatoribus
593 1502 764 1575 subduntur,
793 1523 935 1564 asummo
954 1502 1082 1562 Romano
1101 1501 1239 1564 Pontihce

220 1587 1240 1668 pmmmhmmffifflmmMmfflwmwmmmms

221 1693 312 1752 aeque
331 1672 406 1734 adeo
423 1674 521 1751 exigui
539 1684 617 1745 sunt,
646 1684 676 1735 ut
693 1672 798 1734 debitis
817 1684 959 1752 nequeant
977 1673 1112 1732 oneribus
1131 1675 1240 1734 satissa-

220 1777 304 1829 eere‚
327 1758 438 1818 curabit
462 1761 631 1838 episcopus,
663 1760 687 1818 si
709 1777 762 1838 per
783 1759 988 1818 beneficiorum
1010 1759 1159 1831 unionem,
1187 1779 1239 1818 non

166 1842 1241 1923 -mmmmfflmstfflfflmmmssmfflmmmmffle

219 1931 355 1989 cimarum
383 1931 591 2008 assignatione,
627 1940 677 1988 aut
703 1949 756 2008 per
780 1929 1019 2008 parochianorum
1051 1929 1184 2008 symbola
1210 1948 1241 1988 ac

219 2015 375 2085 collectas,
404 2025 453 2074 aut
476 2035 531 2093 qua
554 2013 741 2076 commodiori
764 2016 791 2074 ci
813 2012 957 2075 videbitur
980 2015 1106 2085 ratione,
1137 2025 1242 2076 tanturn
1319 2013 1320 2020 '

220 2098 382 2178 redigatur,
411 2099 486 2178 quod
504 2119 557 2179 pro
576 2101 698 2160 rectoris
716 2119 751 2159 ac
769 2099 925 2178 parochiae
944 2099 1117 2158 necessitate
1137 2097 1242 2160 decen·

219 2195 266 2244 ter
282 2183 411 2244 sufficiat.
448 2184 480 2246 lu
499 2185 648 2244 unionibus
665 2203 735 2244 vero
754 2184 935 2264 quibuslibet,
954 2183 1243 2263 seuexsupradictis,

219 2269 356 2328 serraliis
380 2271 473 2328 causis
495 2268 648 2340 faciendis,
682 2270 825 2331 ecclesiae
852 2269 1035 2349 parochiales
1062 2272 1245 2330 monasteriis

221 2353 448 2433 quibuscunque,
471 2364 521 2414 aut
542 2354 678 2428 abbatiis,
706 2374 757 2414 seu
780 2353 965 2434 dignitatibus
987 2354 1047 2414 sive
1070 2354 1246 2432 praebendis

156 2499 164 2514 „
221 2434 1246 2518 mmmmmmmmmmfflmmmffiwmffihm·

170 2565 175 2570 -
219 2522 351 2602 plicibus,
371 2533 420 2583 aut
438 2522 624 2602 hospitalibus
643 2525 1002 2596 militiisvcnonuniantur‚
1018 2535 1048 2583 et
1063 2543 1136 2603 quae
1147 2527 1244 2596 unitae

219 2617 286 2670 sunt
302 2608 486 2668 revideautur
506 2606 542 2667 ab
567 2606 719 2668 ordinariis
743 2611 821 2668 iuxta
839 2611 909 2668 alius
927 2608 1075 2669 decretum
1093 2611 1123 2668 in
1143 2608 1245 2671 eadem

220 2691 331 2772 synodo
348 2693 402 2752 suh
421 2693 469 2752 iel.
489 2692 658 2757 ree..Paulo
674 2690 713 2756 ll.
725 2695 769 2768 ²),
794 2693 870 2773 quod
894 2696 979 2754 etiam
998 2696 1027 2754 in
1045 2695 1133 2754 unitis
1150 2696 1189 2754 ab
1210 2715 1244 2756 ee

220 2788 350 2856 tempore
370 2779 443 2838 citra
461 2799 551 2858 aeque
572 2779 753 2853 observetur,
774 2800 829 2838 non
849 2779 1026 2839 obstantibus
1040 2780 1115 2839 iniis
1130 2779 1248 2859 quibus*

220 2881 331 2944 cunque
355 2864 506 2926 verborum
529 2865 642 2936 formis,
670 2884 742 2944 quae
765 2866 812 2925 hie
830 2885 883 2944 pro
906 2864 1080 2924 sufficienter
1098 2868 1245 2944 expressis

219 2949 388 3012 bmmmm.
424 2948 1246 3029 Adhmempmwmmommsmemhmmhsm-

221 3037 339 3106 clasiae,
360 3055 477 3115 quarum
495 3035 604 3096 reditus
622 3055 756 3096 summam
767 3035 934 3096 ducatorum
945 3035 1031 3106 mille,
1051 3036 1246 3113 etparucbia·

167 3144 206 3186 sm
220 3121 271 3193 les,
291 3140 362 3199 quae
381 3141 515 3181 summam
534 3120 700 3180 ducatorum
719 3131 831 3180 centum
846 3118 1107 3202 secundumverum
1122 3140 1245 3179 annuum

219 3208 347 3265 valorem
366 3226 422 3264 non
441 3204 598 3278 excedunt,
622 3207 705 3265 nullis
723 3206 908 3285 pensionibus
931 3215 980 3263 aut
998 3204 1245 3267 reservatieuibus

218 3293 361 3352 fructuum
384 3301 547 3370 graventur
597 3289 671 3348 ln”
652 3311 687 3350 us
711 3309 823 3371 quoque
846 3289 1008 3350 civitatibus
1031 3308 1065 3349 ac
1089 3290 1178 3362 locis,
1197 3290 1245 3352 ubi

218 3378 402 3458 parochiales
420 3377 563 3436 eeclesiae
583 3386 679 3435 certos
690 3394 746 3434 non
756 3375 863 3435 habent
873 3377 952 3447 lines,
972 3387 1245 3436 necearnmrecto·

220 3482 268 3521 res
289 3464 433 3542 proprium
457 3463 604 3542 populum,
628 3481 710 3540 quem
735 3473 850 3539 regant,
864 3458 930 3526 ,sed
956 3461 1118 3540 promiscue
1141 3471 1245 3540 peten-

220 3547 295 3606 tibus
322 3558 500 3607 sacramenta
527 3545 737 3617 administrant,
771 3546 885 3605 mandat
907 3557 1006 3605 sancta
1028 3543 1155 3625 synodus
1183 3547 1245 3626 epi·

219 3633 316 3710 scopis
342 3650 395 3710 pro
423 3634 520 3690 tutiori
548 3634 702 3691 animarum
721 3633 764 3692 eis
782 3633 992 3692 commissarum
1011 3632 1116 3702 salute,
1136 3642 1168 3690 ut
1187 3629 1244 3690 dis-

219 3773 432 3789 ffl—

273 3866 350 3908 ει...
364 3863 455 3906 xxtv.
483 3866 504 3915 ι)
519 3863 879 3909 er.sm.v11.o0=·o.e.e.st
896 3842 916 3908 ι.
936 3863 1000 3909 sm.
1010 3859 1077 3910 xlv.
1088 3863 1118 3908 aa
1132 3861 1180 3912 ηι.
1194 3863 1246 3906 ω.

221 3917 287 3960 Sese.
299 3913 388 3958 xxiv.
404 3915 431 3956 de
442 3913 486 3955 rel.
497 3929 517 3958 e.
529 3919 560 3958 tu.
569 3940 594 3950 -
620 3919 641 3970 ²)
657 3915 722 3960 Scae¹
734 3915 789 3959 Vll.
800 3917 828 3960 de
838 3915 882 3960 rel.
893 3930 913 3960 e.
923 3917 945 3962 d.
