2652 4330
200 253 364 311 sessio
388 253 448 307 Vll.
492 254 917 314 exsecuturum
1020 263 1075 322 ss

64 401 109 458 rita
125 414 184 456 esse
201 395 370 472 intelligant,
391 395 471 474 quasi
488 413 542 474 per
559 414 594 455 ea
613 405 644 454 et
661 395 738 468 fidei,
758 417 841 476 quam
855 401 979 478 professi
997 414 1071 476 sunt,

67 483 221 552 detrahatur,
240 489 270 539 et
287 481 341 558 ipsi
358 480 515 560 baptismo:
552 481 703 540 anathema
721 483 767 541 sit.

135 565 199 626 Can.
217 563 254 624 X.
292 563 404 644 Siquis
427 563 547 636 dixerit,
570 576 693 644 peccata
715 569 823 640 omnia,
847 589 921 648 quae
940 584 1006 650 post
1022 574 1075 632 ba-

65 657 174 732 ptismum
193 649 272 722 hunt,
291 650 352 709 cola
370 648 575 710 recordatione
599 661 630 710 et
653 651 709 711 lide
728 655 854 732 suseepti
876 655 1009 736 baptismi
1027 660 1073 719 vel

66 737 158 807 dimitti,
176 738 221 795 vel
239 735 364 794 venialia
382 733 458 794 heri:
496 737 648 795 anathema
666 739 712 796 sit.

134 820 199 881 Gon.
217 818 269 879 XI.
307 817 338 877 Si
358 821 420 897 quis
438 819 555 892 dixerit,
573 841 671 881 verum
690 825 793 882 etrite
813 824 948 884 collatum
966 827 1075 906 baptis·

65 895 125 966 mum'
139 904 295 965 iterandum
314 923 378 970 esse
397 904 452 974 illi,
477 907 524 983 qui
542 905 618 983 apud
640 906 771 966 infideles
795 907 879 968 fidem
898 909 1005 970 Christi
1024 931 1074 971 ne-

65 995 166 1070 gaverit,
185 1010 268 1070 quum
287 988 324 1049 ad
343 990 548 1068 poenitentiam
568 992 759 1049 convertitur:
796 995 948 1053 anathema
966 997 1014 1055 sit.

133 1077 198 1136 Car.
220 1073 288 1134 ΧΠ.
325 1071 358 1132 Si
380 1073 443 1152 quis
461 1071 580 1145 dixerit,
609 1077 750 1134 neminem
773 1095 838 1137 esse
862 1079 1111 1158 baptizandum,os

64 1165 106 1222 risi
122 1183 155 1222 ea
170 1170 276 1230 aetate,
296 1178 351 1238 qua
370 1158 500 1218 Christus
517 1158 680 1239 baptizatus
698 1171 752 1233 cst,
770 1163 817 1222 vel
840 1163 869 1222 in
888 1166 951 1243 ipso
976 1169 1075 1226 mortis

63 1249 180 1308 articulo:
220 1245 373 1304 anathema
390 1246 436 1303 sit.

133 1329 297 1392 cio.xl11.
336 1327 368 1388 Si
385 1330 448 1408 quis
470 1328 590 1400 dixerit,
613 1330 786 1409 parvulos1)
806 1353 857 1404 eo,
872 1334 961 1414 ⁴quod
980 1347 1074 1397 aetum

64 1416 182 1479 credendi
200 1437 257 1475 non
275 1415 397 1486 babent,
421 1426 555 1495 suscepto
578 1415 720 1494 baptismo
743 1419 820 1478 inter
838 1418 938 1480 fideles
957 1441 1075 1501 compu-

24 1569 29 1582 ,
64 1503 148 1563 hodos
169 1523 224 1561 non
247 1519 328 1573 esso,
355 1520 390 1560 ac
409 1511 579 1579 propterea,
606 1521 690 1580 quum
713 1500 749 1561 ad
776 1522 866 1564 annos
889 1504 1075 1567 discretionis

64 1590 241 1668 pervenerint,
270 1605 335 1645 esse
359 1584 596 1665 rebaptizandos,
624 1597 674 1646 aut
695 1599 845 1666 praestare
864 1593 956 1650 omitti
975 1612 1074 1652 eorum

64 1675 195 1756 baptisma,
223 1693 308 1752 quam
332 1692 383 1733 eos
402 1692 459 1730 non
476 1681 544 1731 actu
566 1674 684 1752 proprio
709 1672 862 1735 credentes
884 1674 1026 1757 baptizari
1045 1679 1075 1738 in

64 1759 113 1820 sola
128 1759 180 1819 lide
198 1758 359 1818 ecclesiae:
395 1757 546 1817 anathema
564 1760 610 1817 sit.
803 1771 806 1776 '

133 1846 197 1906 Gon.
214 1841 296 1904 XIV.
334 1842 365 1902 Si
384 1844 446 1922 quis
465 1842 585 1914 dixerit,
608 1843 768 1904 huiusmodi
791 1847 924 1923 parvulos
944 1848 1076 1927 baptiza·

65 1940 107 2002 tos,
124 1951 200 2012 quum
219 1926 415 2000 adoleverint,
443 1927 665 2005 interrogandos
684 1948 763 2001 esse,
791 1949 827 1988 an
850 1942 942 1991 ratum
965 1933 1075 1993 babere

64 2017 135 2076 velint
151 2012 223 2097 quod
241 2016 348 2095 patrini
367 2034 465 2074 eorum
485 2014 607 2083 nominc,
627 2013 692 2072 dum
710 2015 933 2094 baptizarentur,
953 2017 1076 2097 polliciti
1124 2025 1130 2036 ’

64 2113 127 2176 sunt,
152 2114 192 2175 et,
219 2101 269 2160 ubi
288 2121 319 2161 se
343 2100 419 2161 nolle
438 2097 654 2178 responderint,
682 2119 734 2158 suo
754 2119 818 2160 esse
841 2102 962 2162 arbitrio
985 2105 1075 2166 reliu-

65 2187 186 2264 quendos3
205 2206 259 2248 nee
280 2187 337 2245 elia
355 2187 468 2246 interim
487 2203 582 2265 poena
599 2182 636 2244 ad
651 2185 842 2246 Christianam
859 2189 946 2249 vitam
966 2209 1077 2270 eogen-

66 2269 117 2345 dos,
141 2276 192 2334 nisi
213 2283 246 2332 ut
268 2272 305 2332 ab
325 2271 516 2331 eucharistiae
540 2270 716 2350 aliorumque
740 2285 985 2336 sacramentorum
1008 2295 1076 2356 per·

66 2361 177 2438 ceptione
196 2368 360 2429 arceantur,
380 2356 473 2417 donee
492 2357 676 2435 resipiscant:
712 2358 864 2418 anathema
881 2360 927 2420 sit.

330 2516 385 2560 DE
416 2515 792 2563 courlnmxrlortm.

134 2633 197 2693 dau.
227 2631 249 2693 1.
297 2628 328 2688 Si
356 2631 418 2710 quis
445 2630 564 2703 dixerit,
593 2631 839 2692 confirmationem
865 2632 1075 2713 baptizatorum

67 2718 166 2777 otiosam
185 2717 377 2779 ceremoniam
396 2719 509 2790 ease2),
529 2727 559 2775 et
576 2736 633 2775 non
651 2717 747 2795 potius
764 2737 862 2778 verum
881 2730 911 2779 et
927 2722 1074 2800 proprium

65 2815 266 2876 sacramentum
295 2812 345 2861 aut
372 2802 438 2860 olim
466 2802 535 2861 nihil
563 2800 639 2879 aliud
667 2803 755 2862 luisse
788 2823 870 2883 mam
899 2806 1074 2866 catechesim

66 2889 197 2964 quandam,
226 2907 282 2970 qna
305 2885 520 2947 adolescentiae
539 2889 661 2966 proximi
685 2887 753 2948 fidei
776 2908 844 2950 suae
863 2892 1004 2950 rationem
1023 2911 1074 2950 co·

65 2991 112 3032 ram
128 2977 250 3036 ecclesia
268 2973 465 3052 exponebant:
502 2973 653 3032 anathema
670 2975 717 3031 sit.

134 3061 199 3120 (lar.
224 3061 261 3120 ll.
300 3061 332 3121 si
355 3062 417 3139 quis
445 3057 564 3130 dixerit,
593 3059 712 3117 iniurios
735 3077 799 3118 esse
824 3057 945 3140 Spiritui
972 3071 1110 3124 sanctoto

66 3159 116 3216 eos,
133 3149 177 3226 qui
194 3165 279 3206 sacro
304 3145 528 3204 confirmationis
552 3144 697 3203 chrismati
719 3146 853 3214 virtutem
876 3146 998 3226 aliquam
1021 3148 1074 3208 tri-

65 3225 149 3290 buunt:
183 3231 333 3292 anathema
352 3233 397 3290 sit.

136 3317 200 3377 Cau.
225 3315 276 3377 lll.
322 3313 356 3377 Si
380 3317 441 3395 quis
459 3315 578 3388 dixerit,
606 3328 723 3377 sanetae
747 3317 971 3378 confirmationis
995 3315 1074 3376 ordi·

66 3401 157 3460 nanum
174 3404 330 3462 ministrum
354 3422 413 3460 non
436 3421 500 3462 esse
524 3403 614 3461 solnm
638 3405 856 3484 episcopum³),
875 3403 928 3464 sed
947 3406 1073 3484 quemvis

66 3483 204 3564 simplicem
222 3486 418 3548 sacerdotem:
455 3487 606 3546 anathema
624 3489 671 3547 sit.

461 3649 644 3672 ἱι-ι-ιι---ι-ι-

68 3778 261 3802 -Q-—n—u-

109 3869 178 3919 Sese.
189 3876 244 3920 vlt.
271 3882 293 3933 t)
303 3877 333 3922 cd.
345 3880 389 3921 18⁹.
401 3877 429 3920 D.
440 3875 481 3920 tv.
493 3877 521 3921 de
535 3889 598 3920 corr.
610 3877 689 3929 (hog.)
707 3898 733 3911 -
766 3880 788 3931 ²)
799 3876 829 3921 ed.
844 3890 865 3921 e.
875 3879 921 3923 12&
936 3877 986 3922 ead.
997 3859 1074 3936 (cette.¹

67 3915 146 3980 draus.)
155 3950 178 3961 -
202 3933 224 3983 8)
236 3928 265 3972 cd.
276 3929 330 3973 indr.
341 3928 406 3973 Saso.
416 3927 512 3974 xxtlt.
523 3929 551 3971 de
562 3927 610 3970 ord.
622 3940 641 3970 e.
651 3931 672 3976 d,
