2648 4336
300 248 430 304 numu.
443 249 593 315 aanor
610 248 763 312 ruscum
776 211 942 313 n‘uosu.
998 221 1006 238 '
1034 253 1126 322 'aaa

135 391 292 452 librorum.
339 387 406 450 Nou
425 409 462 451 ex
480 390 644 448 seminarum
664 389 859 467 simplicitate,
878 388 929 449 secl
949 391 1126 470 exsuperia

134 477 270 537 virorum
297 476 420 534 scientia
443 484 521 534 ortus
544 484 588 535 est
609 484 813 553 scripturarum
841 475 957 548 abusus,
986 486 1016 534 et
1041 487 1126 536 natac

130 572 202 621 suut
221 561 375 620 haereses.
393 560 473 619 loan.
493 559 543 618 lv.
563 563 613 624 26.
690 589 693 594 ·

95 670 145 728 86.
168 661 325 741 Abripere
348 682 364 721 e
388 662 611 721 Christianorum
635 660 762 720 manibus
788 679 890 720 novum
919 672 1125 735 testamentum,

133 767 189 808 seu
214 749 260 807 eis
285 746 357 807 illud
381 749 506 807 clausum
533 757 647 818 tancre,
675 745 833 805 auferendo
857 747 899 806 cis
922 745 1034 807 modum
1057 746 1126 808 illud

136 831 339 910 intelligendi,
358 843 403 892 est
420 833 475 893 illis
494 831 602 893 Christi
620 851 652 890 os
671 831 816 892 obturare.
834 831 936 891 matth.
954 831 991 893 V.
1010 837 1040 897 2.

94 939 144 999 85.
164 931 355 994 loterdicerc
375 933 543 993 Christianis
560 934 714 992 lectionem
733 952 833 993 sacrae
851 935 1024 1014 scripturae,
1043 953 1128 1013 prae·

136 1021 239 1079 sertim
265 1019 426 1097 evangelii,
451 1029 497 1078 est
519 1016 694 1079 interdicere
717 1038 796 1078 usum
819 1020 930 1078 luminis
953 1020 1018 1079 liliis
1042 1021 1126 1092 lucis,
1245 1013 1250 1020 ’

136 1115 167 1163 et
191 1105 311 1176 iacere,
335 1115 366 1163 ut
389 1105 533 1183 patiantur
554 1105 678 1184 speciem
699 1102 837 1182 quandam
856 1106 1128 1166 excommunicatio-

136 1192 190 1248 nis.
210 1188 288 1250 Luc.
312 1187 364 1248 xl.
383 1193 434 1253 38.
455 1194 547 1254 1893.

65 1288 68 1292 ’
95 1295 144 1357 86.
173 1291 305 1371 Eripere
330 1291 451 1370 simplici
477 1291 582 1370 populo
606 1291 662 1350 hoc
691 1290 835 1362 solatium,
863 1291 999 1371 iungendi
1025 1312 1127 1353 vocem

137 1395 216 1435 suam
241 1378 314 1436 voci
336 1377 424 1435 totins
446 1377 605 1447 ecclesiae,
629 1385 674 1434 est
690 1395 756 1436 usus
775 1377 1178 1458 contrariuspraxiapo·t1s

137 1462 262 1522 stolicae
283 1473 317 1521 et
333 1461 484 1521 intentioni
502 1461 565 1520 Dei.
588 1468 602 1524 l
625 1459 692 1519 Cor.
710 1458 789 1520 XlV.
811 1467 860 1526 16.

97 1566 147 1626 87.
165 1562 272 1623 Modus
301 1563 401 1642 plenus
424 1563 577 1641 sapientia,
600 1561 705 1621 lumine
724 1573 755 1621 et
773 1567 894 1622 caritate
913 1573 958 1622 est
976 1562 1046 1622 darc
1064 1566 1126 1623 aui·

140 1647 238 1707 mabus
257 1658 373 1726 tempus
390 1646 524 1726 portandi
543 1666 605 1706 cum
623 1646 795 1718 humilitate,
815 1657 845 1707 ct
862 1645 1004 1707 sentiendi
1023 1645 1125 1707 statum

138 1735 270 1810 peccati,
301 1731 418 1812 petendi
446 1733 573 1812 spiritum
600 1733 794 1811 poenitentiae
818 1743 849 1790 et
875 1733 1069 1807 contritionis,
1097 1745 1127 1793 et

140 1814 302 1898 incipiendi
321 1817 358 1876 ad
377 1820 467 1876 minus
486 1818 656 1876 satisfacere
673 1817 798 1876 iustitiae
817 1815 887 1888 Dei,
910 1827 1060 1897 antequam
1080 1838 1127 1877 re-

141 1905 345 1963 concilientur.
363 1901 430 1962 Act.
449 1901 529 1962 vlll.
549 1907 577 1966 9.

100 2007 149 2067 88.
168 2003 341 2084 Ignoramus
360 2004 426 2085 quid
445 2007 482 2064 sit
499 2013 648 2084 peccatum
667 2014 697 2063 et
718 2022 787 2064 vera
804 2003 993 2081 poenitentia,
1012 2003 1125 2083 quaudo

139 2091 271 2150 volumus
296 2091 389 2150 statim
407 2091 520 2150 restitui
533 2088 707 2169 possessioni
724 2088 863 2148 honorum
882 2089 1004 2160 illorum,
1025 2088 1126 2168 quibus
1245 2134 1248 2142 .

140 2193 192 2235 uos
215 2187 370 2255 peccatum
394 2175 540 2253 spoliarit,
564 2185 595 2235 ct
617 2172 809 2234 detrectamus
832 2174 1021 2252 separationis
1044 2175 1125 2236 istius

141 2260 218 2322 ferre
239 2263 447 2323 confusionem.
466 2259 538 2320 Luc.
556 2257 650 2320 XVll.
672 2263 720 2331 11,
742 2263 791 2322 12.
974 2275 976 2278 ’

102 2345 150 2408 89.
170 2345 297 2419 Quartus
313 2345 438 2406 decimus
453 2344 558 2425 gradus
573 2345 769 2406 conversionis
782 2346 947 2423 peccatoris
965 2355 1018 2416 cst,
1038 2344 1124 2422 quod,

142 2449 225 2508 quum
249 2434 289 2492 sit
311 2433 366 2490 iam
390 2431 607 2502 reconciliatus,
632 2429 719 2489 habet
739 2432 783 2488 ius
806 2428 957 2489 assistendi
979 2431 1124 2490 sacrificio

142 2518 300 2578 ecclesiae.
318 2515 389 2576 Luc.
408 2515 472 2576 XV.
492 2521 543 2582 23.
565 2522 657 2583 tues.

103 2601 153 2663 99.
180 2600 318 2662 Ecclesia
345 2603 545 2660 auctoritatem
573 2600 838 2660 excommunicandi
869 2600 970 2672 halet,
1003 2611 1035 2659 ut
1060 2620 1123 2660 eam

145 2697 285 2748 exerceat
311 2706 364 2766 per
388 2688 495 2766 primos
521 2697 652 2764 pastores
680 2684 716 2744 ‹lc
744 2705 885 2744 consensu
912 2686 1012 2745 saltem
1041 2705 1125 2765 prac-
1152 2755 1159 2762 ‚

143 2784 253 2850 sumpto
273 2775 360 2831 totius
379 2773 518 2850 corporis.
537 2770 638 2830 Matth.
657 2768 764 2829 XVlll.
790 2775 839 2831 17.

93 2855 151 2915 91.
183 2855 496 2918 Excommunicatiouis
522 2857 643 2914 iniustae
671 2863 761 2912 melus
792 2873 931 2932 nunquam
958 2853 1046 2914 dehet
1071 2875 1123 2913 nos

143 2938 283 3020 impedire
307 2944 342 3002 ab
365 2941 509 3020 implendo
533 2940 630 3000 debito
654 2949 767 3008 nostro,
793 2957 932 3016 nunquam
955 2939 1064 2998 eximus
1086 2940 1123 2999 ab

144 3028 284 3098 ecclesia,
312 3030 397 3086 ctiam
421 3025 533 3105 quaudo
557 3026 698 3084 hominum
727 3023 853 3101 nequitia
878 3021 1008 3082 videmur
1028 3023 1065 3082 ab
1087 3042 1123 3082 ea

144 3113 268 3188 expulsi,
287 3113 400 3191 quaudo
418 3112 495 3183 Deo,
517 3111 584 3170 Iesu
602 3110 715 3169 Christo
734 3119 818 3186 atque
837 3108 891 3185 ipsi
910 3107 1052 3167 ecclcsiae
1071 3128 1124 3186 per

144 3198 292 3258 caritatem
311 3197 385 3258 affixi
400 3215 506 3256 sumus.
526 3195 605 3254 loau.
625 3194 674 3254 lx.
694 3198 745 3264 22.
763 3199 815 3258 28.

104 3279 153 3340 92.
185 3279 248 3342 Pati
285 3285 377 3362 potius
409 3285 436 3340 in
464 3301 535 3361 pace
565 3281 886 3341 excommunicationem
915 3287 945 3336 ot
971 3278 1121 3337 anathema

144 3363 286 3440 iniustum,
306 3389 387 3447 quam
406 3367 530 3446 prodere
544 3368 704 3436 veritatem,
724 3375 769 3424 est
780 3365 886 3423 imitari
901 3373 1029 3422 sanctum
1047 3362 1121 3422 Pau·

144 3447 215 3525 lum3
240 3463 348 3513 mutum
370 3453 465 3524 abest,
489 3463 520 3510 ut
542 3452 579 3510 sit
603 3453 717 3528 erigere
739 3469 770 3508 se
791 3459 890 3508 contra
908 3449 1119 3520 auctoritatem,

145 3546 194 3592 aut
210 3539 344 3599 scindere
361 3541 507 3598 unitatem.
527 3535 608 3596 llum.
628 3534 678 3595 IX.
697 3539 727 3596 3.

107 3616 153 3678 98.
173 3619 253 3682 lesus
270 3623 439 3704 quandoque
458 3630 540 3682 sanat
560 3621 693 3691 vulnero,
717 3638 789 3697 quae
808 3637 948 3698 praeceps
965 3620 1119 3699 primorum

145 3716 287 3778 motorum
306 3711 451 3770 festinatio
470 3708 578 3784 infligit
594 3707 654 3765 sine
678 3705 766 3783 ipsius
789 3703 931 3764 mandato.
975 3704 1055 3763 lesus
1073 3722 1120 3762 re-

145 3790 236 3935 silituit
249 3793 323 3873 quod
339 3796 392 3874 ipsi
407 3791 621 3854 inconsiderato
635 3790 699 3850 zelo
718 3787 892 3848 rescindunt.
913 3788 991 3848 loau.
1010 3787 1118 3849 XVlll.

155 3975 248 4032 GONG.
267 3981 425 4032 TRlDENT.
845 3941 847 3946 Ι
909 3981 948 4040 19
