2654 4330
299 259 443 316 sessio
462 259 550 316 XXV.
587 260 645 314 DE
662 259 753 318 Rite.
773 261 826 318 ΕΤ
842 261 945 318 ΜΟΝ.
1058 265 1134 334 101

103 403 248 463 stantibus
272 402 492 482 quibuscunque.
552 400 724 476 Quaerere
747 423 765 464 a
788 401 929 484 deputatis
947 404 977 464 in
990 405 1132 486 ¹capitalis

102 487 289 572 generalibus
303 488 349 547 vel
368 488 403 547 ab
418 487 483 546 aliis
498 487 681 566 'regularibus
709 500 856 568 reguntur,
875 491 926 550 sub
945 509 1043 551 eorum
1063 512 1142 575 cura¹

100 586 135 634 et
153 572 287 634 custodia
303 574 507 653 relinquantur.

100 732 131 781 G.
149 731 185 778 X.
221 730 347 778 Moar’aler
365 707 517 792 anaqaoqae
534 743 618 777 merrae
635 729 811 790 coafiteoatcr
828 738 855 778 et
871 713 1063 782 bommcntcrrrt.
1090 734 1131 781 De
1143 752 1182 796 ῃ

99 801 268 864 consectario
287 797 502 846 extraordinario
524 799 557 846 ir's
575 800 607 848 ub
628 802 743 860 episeopo
758 799 938 860 provideatur.
978 799 1053 862 Apud
1068 801 1130 852 tttar

208 874 290 915 extra
303 867 434 928 publicano
452 866 586 914 ecclesiam
604 867 765 915 eucharistia
786 881 837 915 aaa
853 875 1027 917 conservetur.

189 968 351 1028 Attenuant
373 966 530 1047 diligenter
551 970 680 1048 episcopi
704 980 734 1029 et
764 971 857 1030 ceteri
883 973 1047 1050 superiores
1069 992 1130 1031 mo-

99 1056 295 1114 nesteriorum
313 1054 579 1126 sanctimonialium,
598 1057 675 1114 utin
695 1056 944 1116 constitutionibus
962 1076 1059 1117 earum
1078 1055 1130 1117 atl-

100 1150 274 1200 moucautur
295 1140 539 1211 sanctimoniales,
563 1151 595 1198 ut
616 1141 716 1200 saltem
739 1141 827 1200 semel
850 1142 968 1220 singulis
987 1144 1129 1204 mensibus

103 1226 318 1285 cenfessionem
341 1235 527 1305 peccatorum
550 1225 709 1301 iaciant1),
734 1237 765 1285 et
786 1239 999 1287 sacrosanctam
1023 1230 1129 1289 eueha-

99 1312 213 1372 ristiam
240 1312 409 1390 suscipiant,
444 1321 476 1369 ut
502 1329 537 1371 eo
565 1330 597 1371 se
623 1311 741 1371 salutari
767 1311 912 1393 praesidio
939 1315 1066 1374 muniant
1092 1313 1129 1373 atl
1189 1388 1191 1396 Ι

100 1415 203 1456 omnes
225 1397 455 1476 oppugnationes
478 1395 624 1456 daemonis
646 1397 763 1456 fortiter
780 1397 964 1478 superandas.
1008 1399 1130 1460 Praeter

99 1480 279 1542 ordinarium
301 1492 396 1543 autem
418 1483 614 1542 eoulcsserem
636 1482 708 1542 alius
731 1482 976 1544 extraordinarius
1003 1486 1039 1545 ab
1067 1487 1129 1565 cpi·

98 1587 194 1647 scopo
221 1579 253 1628 et
276 1569 341 1629 aliis
359 1567 553 1646 superioribus
570 1567 615 1627 bis
632 1578 683 1627 aut
700 1578 746 1627 ter
762 1570 792 1627 iu
810 1588 884 1627 anuo
904 1569 1056 1642 efferatur,
1081 1572 1138 1650 quix

100 1655 228 1714 omnium
246 1655 443 1714 confessiones
460 1649 560 1713 audire
579 1651 695 1714 debeat.
732 1652 814 1727 Quod
831 1673 901 1713 vcro
920 1655 1128 1716 sanctissimum

100 1738 211 1799 Christi
229 1759 333 1818 corpus
350 1740 427 1798 intra
445 1739 563 1810 chorum
583 1739 631 1800 vel
653 1748 735 1818 septa
757 1740 936 1812 monasterii,
965 1750 995 1800 et
1018 1761 1075 1801 uon
1097 1743 1128 1800 in

99 1825 217 1905 publice
241 1825 367 1884 ecelesia
390 1835 590 1895 conservetur,
622 1821 758 1903 probibet
779 1835 879 1884 sancta
900 1825 1040 1906 synodum
1069 1847 1128 1886 uon

101 1911 236 1970 obstante
256 1907 423 1990 poenaque
442 1908 551 1970 indulto
570 1918 620 1969 aut
635 1910 797 1990 privilegio.

99 2067 129 2112 c.
153 2063 200 2114 Xl.
240 2063 272 2114 la
294 2067 474 2126 monasteriit,
502 2065 592 2128 quibus
614 2067 729 2112 immabet
750 2079 817 2112 cara
838 2078 1010 2126 personarum
1034 2079 1126 2115 raeco·

99 2136 206 2195 tarsum,
218 2141 329 2194 praeter
343 2145 397 2194 eae,
417 2148 484 2196 qnae
498 2140 560 2182 tant
576 2133 607 2180 de
623 2133 726 2180 illorum
738 2134 862 2198 familia,
878 2135 969 2182 visitet
985 2138 1126 2198 episcopor,

196 2209 223 2250 et
239 2202 318 2250 eidem
335 2217 416 2250 curae
430 2201 621 2264 praefidentius
638 2204 782 2264 examinet,
809 2205 888 2250 certis
905 2208 1032 2265 arreptis.

187 2305 220 2365 ln
238 2307 419 2365 monasteriis
441 2324 492 2364 seu
514 2303 644 2365 domibus
666 2305 791 2365 virorum
809 2323 860 2366 sou
878 2306 1041 2378 mulierum,
1065 2309 1127 2386 qui·
1206 2319 1209 2324 '

98 2392 153 2452 bus
171 2391 298 2451 imminet
315 2392 471 2451 animarum
490 2410 560 2450 eura
577 2408 764 2469 personarum
782 2389 986 2464 saecularium,
1008 2403 1127 2471 praeter

99 2497 161 2549 eas,
181 2496 253 2556 quae
272 2487 339 2536 sunt
355 2475 390 2536 de
409 2477 522 2535 illorum
540 2477 778 2558 monasteriorum
795 2493 846 2535 seu
865 2476 993 2538 locorum
1008 2479 1126 2550 familia,

97 2581 244 2643 personae
271 2573 329 2622 tam
355 2561 505 2641 regulares
531 2581 614 2643 quam
646 2562 810 2621 saeculares
841 2562 1001 2623 huiusmodi
1029 2584 1125 2626 curam

98 2658 273 2709 exercentes
298 2648 409 2708 subsint
435 2646 598 2708 immediate
625 2648 653 2707 in
680 2648 730 2719 iis,
758 2667 830 2726 quae
849 2646 885 2708 ad
904 2646 1010 2709 dictam
1026 2669 1124 2710 euram
1137 2670 1176 2716 ser

97 2745 129 2794 et
147 2744 390 2795 sacramentorum
408 2731 680 2808 administrationem
690 2734 844 2813 pertinent,
864 2732 1063 2808 iurisdietioui,
1082 2737 1125 2795 vi·

97 2821 228 2880 sitationi
251 2830 282 2879 et
300 2819 477 2879 correctioni
500 2818 643 2898 episcopi,
667 2819 695 2876 in
719 2820 798 2877 euius
814 2817 950 2878 dioecesi
972 2831 1038 2879 sunt
1059 2822 1123 2880 sita.

97 2903 164 2966 Nee
187 2907 228 2966 ibi
245 2904 333 2984 aliqui
352 2906 437 2964 etiarn
455 2903 492 2963 etl
510 2915 606 2963 nutum
624 2902 791 2963 amoribiles
809 2901 995 2982 deputentur,
1014 2905 1069 2964 uisi
1087 2903 1124 2966 de
1212 2895 1218 2907 ⁸

96 2989 226 3052 eiusdem
250 2991 443 3064 consensu2),
476 3009 510 3049 ae
532 2990 650 3069 praevio
674 2989 803 3048 examine
826 3007 879 3067 per
901 3007 965 3048 eum
988 2999 1037 3048 aut
1060 2992 1123 3050 eius

95 3077 235 3136 vicarium
258 3073 407 3148 iaciendo,
436 3086 559 3155 excepto
583 3075 758 3134 monasterio
777 3072 960 3134 Cluniacensi
983 3094 1046 3134 cum
1064 3077 1123 3135 suis

95 3161 241 3235 limitibus,
261 3172 292 3221 et
309 3162 438 3240 exceptis
457 3163 542 3220 etiam
561 3161 596 3220 iis
606 3160 786 3220 monasteriis
804 3178 855 3221 seu
874 3160 955 3232 locis,
974 3161 1003 3219 in
1023 3157 1122 3240 quibus

95 3249 226 3319 abbates,
246 3247 397 3328 generales
416 3257 465 3306 aut
483 3248 577 3326 capita
596 3243 725 3307 ordinum
744 3243 840 3305 sedem
860 3244 1033 3305 ordinariam
1043 3248 1122 3326 prin·
1179 3282 1182 3288 ·

95 3333 219 3413 eipalem
236 3332 357 3405 habeut,
374 3343 458 3413 atque
477 3333 541 3392 aliis
559 3333 740 3392 monasteriis
758 3351 808 3391 seu
824 3330 962 3404 dumibus,
981 3333 1122 3412 inquibus

94 3419 216 3479 abbates
238 3429 288 3480 aut
309 3419 357 3478 alii
380 3420 554 3499 regularium
577 3419 741 3496 superiores
763 3416 989 3477 iurisdietionem
1008 3419 1122 3496 episeo-

38 3525 40 3531 ·
93 3507 188 3585 palem
216 3516 253 3565 et·
269 3505 455 3587 temporalem
477 3505 507 3563 ln
528 3503 673 3582 parochos
700 3514 730 3562 et
751 3504 943 3584 parochianos
966 3515 1119 3578 exereeut3

93 3593 173 3652 salvo
197 3602 293 3652 tamen
315 3609 414 3652 eorum
437 3591 636 3670 episcoporum
659 3587 735 3662 iure,
759 3591 806 3669 qui
828 3591 964 3650 maiorem
988 3591 1017 3650 iu
1035 3609 1121 3669 prae·

92 3677 172 3738 <licta
191 3679 258 3737 loca
275 3677 322 3738 vel
338 3695 476 3758 personas
494 3673 720 3742 iurisdictionem
739 3686 887 3736 exercent.

134 3896 224 3942 eeu.
236 3894 317 3939 XXV.
344 3897 366 3951 l)
380 3894 446 3942 ebe.
461 3894 511 3941 t.l.
525 3909 545 3943 e.
559 3896 585 3940 iu
599 3894 671 3940 clem.
686 3917 712 3930 -
736 3894 836 3950 ttric.
852 3891 1035 3940 n.c.xv111.
1051 3894 1119 3948 ιιι

92 3946 190 3991 (Statet.
201 3946 259 3991 eccl.
269 3947 329 4002 tut.)
