2654 4334
246 217 423 272 ottt'rto
447 215 628 274 HABITA
648 219 697 273 ΙΝ
719 220 834 276 SESS.
855 221 957 276 UL‘l'.
1033 224 1114 284 m

85 327 281 397 eoncounuu
300 352 366 397 curu
385 351 560 405 emerissus,
574 353 610 398 ru
624 352 718 398 curus
735 354 838 399 runnu
852 353 1115 402 sunscnursunuss

173 443 237 522 lige
255 442 411 522 Angelus
429 444 673 517 Messorellus,
691 445 853 527 Episcopus
870 447 1048 522 Thelesinus,
1068 467 1116 509 ss-

83 531 129 590 eri
149 530 266 589 concilii
284 528 444 590 Tridentini
462 532 646 591 secretarius.

171 615 236 692 Ego
259 615 375 675 hlercus
396 615 570 675 Antonius
596 614 824 695 Peregrinus,
853 616 1016 690 comensis,
1039 619 1115 679 eius·
1160 639 1165 647 ·

83 699 149 759 dem
170 701 288 760 concilii
307 703 444 761 neurius.

170 785 236 864 ligo
252 785 422 866 Cynthius
440 785 663 867 Pamphilius,
675 787 1019 851 clericusComeriueusis
1033 787 1115 849 dioe-

82 873 169 944 cesis,
180 869 308 930 eiusdem
327 871 444 932 concilii
463 874 600 934 noterius.

494 1052 704 1066 ——-—-—-

352 1194 586 1252 onnus)
614 1195 850 1251 numm
1124 1213 1163 1256 tos

262 1306 304 1348 tlt
328 1305 538 1351 susswtffl
560 1304 675 1351 NONA
696 1307 748 1352 Μ’
770 1307 940 1352 uertunt

83 1403 292 1477 SACRI
324 1403 642 1478 GONCILII
673 1404 1115 1496 TRIDENTINI,

84 1531 278 1574 CEhlililthA
297 1531 421 1576 DUOBUS
439 1531 760 1628 cgggfflglsfflfflffllllls,
779 1531 903 1576 TERTIA
922 1532 966 1577 ΕΤ
984 1533 1116 1584 susm

314 1671 406 1736 1³10
446 1669 508 1735 IV.
554 1669 711 1735 PON'l'.
757 1669 886 1736 MAX.

142 1802 166 1847 A
185 1801 215 1844 li.
234 1801 263 1845 P.
281 1800 310 1844 ll.
334 1799 523 1845 hmnouteto
541 1799 727 1856 obessem,
745 1799 887 1856 VENETO,
906 1799 1060 1846 Episcopo

204 1868 415 1914 nAzlAstlte
433 1868 475 1912 ltu
494 1867 698 1912 cosnlttuottu
718 1866 994 1913 FAmAueusuhho.

85 2003 140 2050 Hir
169 2003 316 2049 summatim
339 2005 508 2047 recensentur
530 2001 615 2046 omnio
637 2001 664 2046 in
687 1998 795 2045 coneilio
823 1999 973 2046 Tn'dcntr'rco
996 1999 1114 2062 uetusta,

182 2083 249 2132 poce
267 2069 303 2116 ad
314 2071 359 2129 pis
377 2067 529 2116 eredendum
552 2073 580 2114 st
601 2067 637 2114 ad
652 2068 714 2114 bens
732 2066 864 2114 vivendum
877 2071 1020 2128 pertinent.

172 2153 280 2213 Audite
299 2153 354 2212 hoe
374 2171 472 2212 omues
490 2162 605 2231 gentes,
634 2150 749 2210 curibus
767 2152 908 2231 percipite
928 2171 1040 2224 omues,
1068 2157 1116 2232 qui

84 2241 224 2300 habitetis
251 2239 361 2298 orbem.
406 2236 603 2298 Tridentinum
630 2237 784 2296 concilium
811 2239 867 2296 iem
896 2237 944 2297 diu
971 2249 1114 2319 coeptum,

84 2324 243 2406 aliquando
261 2325 465 2395 intermissum,
484 2322 652 2384 distractum
670 2323 751 2382 varie
769 2332 854 2401 etque
873 2321 1021 2396 divulsum,
1040 2343 1115 2386 nuuc

84 2411 216 2482 demum,
243 2409 382 2488 singulari
409 2409 464 2470 hei
492 2410 695 2488 omnipotentis
718 2408 877 2481 beneficio,
905 2427 1012 2468 summa
1029 2420 1115 2490 utque

83 2494 251 2556 incredibili
270 2495 392 2554 omnium
412 2492 541 2554 ordinum
568 2513 603 2554 ac
630 2495 776 2554 notionum
793 2495 940 2555 voluntete
967 2497 1117 2557 eonnecti-

82 2593 238 2662 tenetque
257 2581 414 2660 perficitur.
459 2579 528 2641 Dies
546 2580 619 2640 haec
638 2579 750 2659 quidem
768 2579 934 2641 felicissime
952 2580 1115 2642 Christiano

84 2668 195 2747 populo
214 2668 313 2738 eluxit,
332 2667 362 2725 iu
381 2685 436 2745 qua
455 2667 589 2745 templum
608 2665 723 2724 Domini
741 2664 929 2726 disturbatum
948 2667 1117 2746 frequenter

84 2773 121 2813 ac
142 2751 307 2832 dissipatum
326 2751 456 2811 reficitur
473 2762 504 2811 et
521 2751 690 2823 absolvitur,
716 2761 746 2810 et
762 2752 842 2810 navis
860 2751 933 2811 heco
951 2772 1007 2811 uua
1023 2753 1118 2814 bouu-

83 2859 149 2898 rum
168 2839 292 2897 omnium
315 2857 354 2898 ex
375 2838 504 2897 maximis
525 2857 560 2898 uc
579 2835 720 2896 diuturnis
736 2835 896 2896 turbinibus
918 2845 1003 2915 utque
1021 2839 1117 2898 llucti·

83 2926 140 2984 bus
168 2933 229 2982 tute
259 2926 289 2982 in
319 2933 405 3002 portu
433 2923 605 2983 collocatur.
664 2922 753 2995 Quem
784 2921 890 2980 utinum
917 2921 1116 2983 conscendere

84 3008 237 3069 uobiscum
265 3009 285 3067 ii
311 3009 476 3082 voluisseut,
505 3027 624 3088 quorum
652 3009 681 3067 iu
707 3006 805 3085 primis
832 3006 926 3083 gretie
953 3006 1025 3067 haec
1053 3009 1116 3087 ipss

84 3096 235 3172 navigatio
253 3095 384 3153 instituto
406 3095 473 3166 fuit,
496 3105 581 3174 atque
600 3091 725 3154 aedilicii
744 3091 826 3150 huius
845 3091 1030 3152 construendi
1048 3112 1115 3172 par·

85 3181 192 3260 ticipes
215 3180 403 3252 exsisterent,
425 3180 474 3259 qui
492 3180 548 3241 hoc
567 3179 651 3239 uobis
669 3178 814 3257 negotium
833 3176 1036 3250 exhibuerunt,
1055 3199 1116 3240 mu·

86 3267 159 3324 ioris
178 3285 252 3324 nuuc
274 3265 409 3345 proiecto
429 3267 556 3326 laetitiae
576 3285 690 3326 causum
707 3263 887 3324 haberemus.
938 3260 998 3323 Sed
1016 3275 1116 3325 uestro

84 3350 115 3412 id
136 3361 219 3410 certe
237 3352 320 3430 culpe
340 3370 397 3410 uon
416 3349 532 3410 occidit.

174 3435 236 3497 Nos
254 3436 354 3496 urbem
372 3436 446 3496 hauc
465 3438 493 3495 in
510 3434 681 3497 Germaniae
699 3437 839 3510 faucibus,
858 3435 886 3495 id
905 3447 950 3496 est
968 3436 997 3494 iu
1016 3433 1116 3496 domus

85 3523 200 3582 illorum
227 3522 291 3582 lere
314 3523 409 3581 limine
432 3523 553 3602 positum
577 3522 728 3600 elegimus3
756 3543 808 3582 uos
831 3520 988 3582 custodiam
1011 3522 1115 3582 nullom

85 3607 180 3680 nobis,
199 3627 237 3668 ue
255 3608 446 3688 suspicionem
469 3607 525 3668 illis
542 3607 665 3686 aliquam
683 3609 774 3666 miuus
792 3607 876 3668 liberi
895 3607 953 3667 loci
972 3607 1114 3679 daremus,
1144 3679 1146 3688 s

87 3693 281 3766 adhibuimus,
305 3711 357 3752 uos
380 3711 443 3752 eam
461 3692 546 3754 lidem
569 3693 711 3773 publicem
729 3693 785 3752 illis
804 3694 1012 3766 concessimus,
1033 3713 1114 3774 quem

87 3779 141 3837 sibi
169 3781 223 3859 ipsi
252 3789 488 3859 composuerunt3
512 3799 565 3838 nos
591 3778 639 3839 hic
665 3778 730 3838 illos
748 3775 851 3857 perdiu
877 3781 1165 3857 exspectavissemus

86 3883 182 3944 neque
205 3864 317 3926 hortari
339 3885 375 3925 oc
397 3883 504 3945 regere
527 3884 647 3944 uuquam
671 3863 844 3936 destitimus,
873 3874 905 3924 ut
925 3861 963 3923 cd
984 3865 1115 3924 veritatis
1230 3857 1239 3866 “

147 3969 230 4010 cone.
251 3974 379 4014 munerun.
840 4002 842 4006 .
903 3955 943 4010 th
