2654 4330
197 251 282 314 m
301 220 446 299 snssro
466 241 566 304 ιιιιιι
587 241 645 296 nn
662 239 830 303 nunaunt.
848 240 1049 296 nanneno
1070 243 1161 296 nnc.

204 390 310 452 eisdem
329 389 506 469 apostolicae
525 385 601 446 sedis
617 386 737 464 legatis,
765 393 822 446 ahi
840 386 967 446 humanis
990 386 1102 465 quidem
1124 389 1233 450 viribus

156 495 195 537 ιιι
205 476 325 547 conlisa,
354 473 405 535 aad
424 471 537 533 Domini
556 473 646 532 nostri
665 472 730 531 l'esu
749 470 869 543 Christi,
898 474 945 551 qui
964 488 996 530 os
1013 481 1044 532 ‘et
1062 475 1233 552 sapientiam

203 562 347 622 eeclesiae
370 579 439 620 suae
461 558 593 618 daturum
616 576 647 616 se
670 558 801 636 promisit
815 559 857 627 ¹),
886 571 941 637 ope
964 568 994 616 et
1016 560 1123 618 auxilio
1147 561 1232 632 heta,

202 646 272 708 illud
290 647 445 726 praecipue
465 647 588 723 cogitat,
608 651 639 701 ut
657 643 818 702 catholicae
838 636 905 701 lidei
928 641 1101 717 doctrinam,
1130 647 1235 706 multo·

202 753 263 793 rum
282 735 358 793 inter
376 751 407 794 se
431 729 627 790 dissidentium
652 725 833 808 opinionibus
856 728 983 806 pluribus
1006 730 1079 789 locis
1102 732 1234 810 inquina-

202 831 260 881 tam
275 829 306 877 et
320 815 515 887 obscuratam,
535 817 564 873 in
579 831 655 872 suam
670 815 822 891 puritatem
837 823 867 872 et
880 811 1061 894 splendorem
1080 816 1234 896 aliquando

201 906 349 974 restituat,
369 913 399 961 et
417 920 525 970 mores,
546 900 593 978 qui
612 918 629 958 a
646 900 739 960 veteri
756 899 886 958 instituto
905 898 1098 972 dellcxerunt,
1118 900 1156 960 ad
1175 922 1236 962 mc·

202 991 303 1049 liorem
326 989 402 1047 vitae
426 988 568 1046 rationem
590 995 723 1055 reuocet,
752 1003 858 1063 corque
881 995 991 1065 patrum
1010 985 1047 1045 ad
1067 985 1141 1046 iiiios
1156 987 1185 1062 2)
1206 999 1238 1048 et

203 1093 256 1136 eor
278 1073 401 1132 liliorum
424 1071 460 1131 ad
481 1083 579 1153 patres
603 1080 762 1129 convertat.
809 1070 898 1143 Quum
916 1072 1012 1150 itaque
1032 1075 1156 1132 omnium
1176 1075 1236 1152 pri-

132 1183 139 1192 ¹
201 1179 276 1219 mum
303 1155 549 1228 animadverterit,
578 1155 634 1215 hoe
657 1166 786 1235 tempore
810 1167 1006 1238 suspectorum
1030 1176 1064 1216 ac
1086 1160 1236 1238 pernicio·

202 1261 298 1305 sorum
321 1243 471 1314 librorum,
501 1242 601 1324 quibus
624 1237 755 1301 doctrina
778 1243 887 1324 impura
911 1244 1074 1316 continetur
1097 1255 1130 1303 et
1146 1246 1236 1322 longe

201 1331 317 1410 lateque
341 1328 521 1401 diffunditur,
550 1347 694 1387 numerum
714 1329 797 1388 nimis
817 1330 995 1401 excrevisse,
1025 1327 1102 1409 qood
1120 1327 1238 1410 quidem

202 1417 231 1474 in
251 1434 339 1475 eausa
357 1416 423 1486 luit,
444 1427 474 1474 ut
492 1413 597 1474 multae
617 1431 756 1494 tonsurae
774 1416 802 1473 in
820 1415 906 1474 variis
924 1415 1082 1496 provinciis
1100 1419 1133 1474 e't
1150 1437 1239 1497 prae-

202 1503 302 1561 sertim
329 1503 358 1559 in
385 1499 459 1560 alma
486 1499 557 1560 urbe
581 1497 671 1558 Roma
692 1500 741 1577 pio
765 1499 886 1579 quodam
909 1501 973 1559 zelo
998 1498 1092 1560 editae
1117 1502 1237 1574 luerint,

183 1595 295 1666 ‘neque
313 1596 409 1646 tamen
428 1588 494 1647 huic
513 1597 570 1645 tam
589 1602 692 1664 magno
711 1605 746 1644 ac
768 1588 933 1666 pernicioso
957 1584 1057 1645 morbo
1080 1589 1239 1651 salutarem

202 1673 288 1732 ullam
316 1671 458 1751 proluisse
486 1670 671 1732 medicinam:
705 1674 816 1731 censuit
829 1673 873 1748 ³),
906 1682 938 1730 ut
964 1669 1070 1732 delecti
1096 1667 1134 1734 ad
1161 1673 1239 1736 hauc

98 1789 107 1796 -
203 1757 431 1837 disquisitionem
455 1757 555 1820 Patres
579 1757 615 1817 dc
644 1759 771 1817 censuris
800 1757 934 1837 librisque
963 1756 1029 1837 quid
1056 1757 1135 1818 iacto
1164 1779 1239 1839 opus

203 1854 282 1904 esset
308 1841 463 1924 diiigenter
489 1841 721 1914 considerarent,
750 1854 834 1924 atque
858 1846 943 1904 etiam
966 1842 1003 1903 ad
1026 1842 1154 1913 eandem·
1170 1865 1240 1905 san·
1299 1875 1300 1882 ι

137 1989 139 2001 ,
198 1939 278 1990 etam
299 1929 438 2009 synodum
457 1947 508 1990 suo
528 1941 657 2010 tempore
678 1931 835 2002 referrent,
857 1949 911 2010 quo
930 1929 1044 1990 facilius
1062 1931 1124 2008 ipsa
1143 1933 1239 2010 possit

138 2013 143 2020 ’
202 2009 296 2075 lirias
315 2027 345 2075 et
362 2019 533 2097 peregrinas
551 2014 696 2076 doctrinas
711 2025 841 2096 tanquam
857 2018 968 2074 zizania
976 2017 1004 2088 ⁴)
1022 2014 1239 2077 aChristianae

200 2101 331 2161 ueritatis
354 2105 452 2161 tritico
476 2119 625 2180 separare,
654 2099 746 2180 deque
765 2101 809 2162 his
828 2098 1004 2178 commodius
1023 2099 1187 2166 deliberare
1206 2114 1241 2162 et

202 2196 343 2256 statuere,
364 2205 436 2266 quae
455 2183 491 2244 ad
509 2187 669 2265 scrupulum
687 2205 723 2244 ex
738 2187 923 2266 complurium
938 2188 1038 2246 aalmis
1053 2186 1238 2249 eximendum

141 2327 147 2342 ,
203 2284 233 2332 et
251 2269 394 2331 tollendas
412 2271 561 2351 multarum
582 2271 761 2349 querelarum
780 2292 880 2332 causas
899 2273 989 2352 magis
1008 2281 1168 2354 opportqna
1191 2275 1239 2334 vi-

204 2355 356 2418 debuntur.
403 2357 482 2416 llaec
501 2366 595 2416 autern
615 2358 709 2417 omnia
728 2357 764 2416 ad
783 2360 912 2417 notitiam
932 2378 1162 2438 quorumcunque
1184 2355 1239 2420 dc·

101 2511 106 2528 ,
140 2461 143 2467 ’
204 2441 290 2503 ducta
309 2461 373 2502 csse
391 2443 465 2513 vult,
485 2453 570 2521 prout
588 2445 672 2502 etiam
691 2447 836 2524 praesenti
856 2443 975 2504 decreto
994 2442 1125 2515 deducit,
1145 2456 1193 2515 ut,
1213 2447 1240 2505 si

204 2531 265 2608 quis
285 2526 322 2586 ad
340 2547 371 2587 se
389 2531 538 2607 pertinere
557 2529 652 2608 aliquo
671 2529 756 2589 modo
774 2533 931 2610 potaverit,
962 2550 1033 2610 quae
1051 2531 1096 2589 vel
1116 2528 1152 2588 de
1176 2529 1237 2590 boc

203 2614 340 2674 librorum
363 2625 394 2672 ct
418 2633 599 2674 censurarum
623 2617 757 2694 negotio,
784 2614 830 2676 vel
853 2614 889 2675 dc
916 2616 993 2687 aliis,
1021 2634 1093 2696 quae
1120 2617 1149 2676 in
1177 2615 1238 2676 hoc

203 2699 333 2778 &uenali
357 2701 482 2760 concilio
504 2697 655 2760 tractanda
678 2700 836 2780 praedixit,
865 2721 923 2760 non
950 2699 1061 2761 dubitet
1087 2719 1104 2759 a
1131 2712 1236 2760 sancta

203 2784 314 2858 syuodo
334 2804 365 2844 se
383 2785 508 2865 benigne
527 2785 653 2846 auditum
671 2787 717 2846 iri.

289 2871 428 2946 Quoniam
455 2891 525 2932 vero
553 2873 653 2933 eadem
681 2884 781 2934 sancta
807 2870 933 2954 synodus
960 2887 996 2932 ex
1024 2865 1112 2933 corde
1141 2881 1235 2951 optat,

201 2957 349 3037 Deumque
372 2959 457 3018 enixe
480 2969 565 3038 rogat
588 2978 661 3039 qnae
689 2959 726 3019 ad
752 2977 854 3039 pacem
868 2960 896 3034 ⁵)
924 2968 989 3018 sunt
1015 2957 1173 3027 ecclesiae,
1206 2968 1237 3016 ut

150 3056 188 3101 ιιι
200 3046 326 3105 universi
345 3062 522 3105 communem
541 3057 659 3106 matrem
682 3047 816 3107 interris
834 3051 1039 3122 agnoscentes,
1068 3062 1141 3124 quae
1161 3061 1235 3122 quos

131 3199 133 3202 v
201 3132 315 3209 peperit
327 3131 355 3204 ὅ)
376 3130 507 3190 oblivisci
525 3151 582 3191 non
600 3141 712 3212 potest,
731 3132 878 3190 unanhrts
894 3149 951 3189 uno
971 3147 1021 3189 ure
1035 3130 1064 3204 τ)
1084 3127 1235 3208 glorifice·

201 3235 261 3274 mus
280 3216 370 3277 Deum
389 3227 420 3276 et
437 3217 551 3276 Patrem
570 3217 684 3278 Domini
703 3219 793 3277 nostri
812 3216 877 3276 lesu
894 3215 1015 3286 Christi,
1043 3234 1096 3294 per
1118 3216 1235 3273 viscere

199 3301 417 3362 misericordiae
436 3301 563 3375 ciusdem
577 3302 632 3362 Dei
650 3315 681 3364 et
693 3303 808 3362 Domini
826 3303 917 3363 nostri
935 3317 1047 3373 omnes,
1066 3301 1115 3379 qni
1134 3298 1234 3357 nobis·

200 3407 266 3446 cum
283 3387 508 3448 communionem
528 3408 585 3447 non
604 3388 723 3460 habent,
748 3387 785 3447 ad
804 3387 988 3448 concordiam
1008 3397 1037 3446 et
1055 3384 1233 3444 reconcilia·

199 3473 322 3542 tionem,
341 3483 371 3532 et
388 3484 420 3532 ut
436 3473 472 3533 ad
490 3475 564 3533 hanc
583 3486 711 3534 sanctam
729 3472 867 3554 synodum
882 3475 1010 3544 veniant,
1029 3471 1129 3530 invitat
1144 3480 1232 3548 atque

200 3555 345 3628 bortatur,
373 3568 459 3637 utque
479 3559 642 3632 caritatem,
671 3559 746 3638 quod
766 3567 810 3618 est
827 3559 968 3619 vinculum
986 3554 1176 3637 perfectionis
1189 3555 1230 3628 ⁸),

200 3643 422 3721 amplectantur,
450 3663 607 3722 pacemque
626 3644 735 3704 Christi
758 3645 946 3704 exsultantem
970 3645 998 3702 in
1011 3639 1153 3703 cordibus
1172 3640 1232 3699 suis

249 3824 353 3868 Sessio
368 3824 461 3889 mn:
488 3829 509 3890 1)
524 3824 580 3870 Luc.
591 3823 659 3871 XXI
670 3829 702 3870 ts.
720 3849 746 3862 -
769 3829 793 3876 2)
808 3826 937 3896 Incidi.
957 3844 982 3859 -·
1006 3823 1075 3874 hlei.
1090 3817 1146 3866 lars.
1162 3821 1229 3865 Soss.

199 3871 628 3981 llhltiilxliti‘i“al¹hmssx'
654 3873 1184 3982 l⁸i¹¹·sl‘¹llui·1n.sibiilffll‘·
1202 3891 1231 3906 “
