<?xml version="1.0" encoding="UTF-8"?>
<!DOCTYPE html PUBLIC "-//W3C//DTD XHTML 1.0 Transitional//EN"
    "http://www.w3.org/TR/xhtml1/DTD/xhtml1-transitional.dtd">
<html xmlns="http://www.w3.org/1999/xhtml" xml:lang="en" lang="en">
 <head>
  <title>
</title>
<meta http-equiv="Content-Type" content="text/html;charset=utf-8" />
  <meta name='ocr-system' content='tesseract 3.04.00' />
  <meta name='ocr-capabilities' content='ocr_page ocr_carea ocr_par ocr_line ocrx_word'/>
</head>
<body>
  <div class='ocr_page' id='page_1' title='image "./canonesetdecret00stergoog_0310.png"; bbox 0 0 2648 4336; ppageno 0'>
   <div class='ocr_carea' id='block_1_1' title="bbox 316 247 1144 329">
    <p class='ocr_par' dir='ltr' id='par_1_1' title="bbox 316 247 1144 329">
     <span class='ocr_line' id='line_1_1' title="bbox 316 247 1144 329; baseline 0.027 -30"><span class='ocrx_word' id='word_1_1' title='bbox 316 310 318 314; x_wconf 65' lang='lat'><strong>,</strong></span> <span class='ocrx_word' id='word_1_2' title='bbox 415 247 543 302; x_wconf 81' lang='lat' dir='ltr'><strong>anun.</strong></span> <span class='ocrx_word' id='word_1_3' title='bbox 562 249 649 303; x_wconf 79' lang='lat' dir='ltr'><strong>suu.</strong></span> <span class='ocrx_word' id='word_1_4' title='bbox 668 250 832 306; x_wconf 82' lang='lat' dir='ltr'><strong>rrsron.</strong></span> <span class='ocrx_word' id='word_1_5' title='bbox 1052 258 1144 329; x_wconf 56' lang='lat' dir='ltr'><strong>,tte</strong></span> 
     </span>
    </p>
   </div>
   <div class='ocr_carea' id='block_1_2' title="bbox 77 381 1195 1835">
    <p class='ocr_par' dir='ltr' id='par_1_2' title="bbox 77 381 1172 1048">
     <span class='ocr_line' id='line_1_2' title="bbox 77 381 1172 474; baseline 0.003 -23"><span class='ocrx_word' id='word_1_6' title='bbox 77 409 150 451; x_wconf 83' lang='lat' dir='ltr'><strong>earn</strong></span> <span class='ocrx_word' id='word_1_7' title='bbox 172 381 384 448; x_wconf 68' lang='lat' dir='ltr'><strong>extendendo</strong></span> <span class='ocrx_word' id='word_1_8' title='bbox 408 383 444 448; x_wconf 89' lang='lat' dir='ltr'><strong>ed</strong></span> <span class='ocrx_word' id='word_1_9' title='bbox 466 409 514 449; x_wconf 88' lang='lat' dir='ltr'><strong>res</strong></span> <span class='ocrx_word' id='word_1_10' title='bbox 537 393 712 463; x_wconf 72' lang='lat' dir='ltr'><strong>exteriores,</strong></span> <span class='ocrx_word' id='word_1_11' title='bbox 734 403 765 452; x_wconf 86' lang='lat' dir='ltr'><strong>et</strong></span> <span class='ocrx_word' id='word_1_12' title='bbox 786 413 840 473; x_wconf 92' lang='lat' dir='ltr'><strong>per</strong></span> <span class='ocrx_word' id='word_1_13' title='bbox 861 396 916 456; x_wconf 86' lang='lat' dir='ltr'><strong>vim</strong></span> <span class='ocrx_word' id='word_1_14' title='bbox 939 394 1082 474; x_wconf 75' lang='lat' dir='ltr'><strong>exigendo</strong></span> <span class='ocrx_word' id='word_1_15' title='bbox 1104 397 1142 471; x_wconf 84' lang='lat' dir='ltr'><strong>id,</strong></span> <span class='ocrx_word' id='word_1_16' title='bbox 1169 441 1172 454; x_wconf 90' lang='lat'>.</span> 
     </span>
     <span class='ocr_line' id='line_1_3' title="bbox 77 471 1143 556; baseline 0.011 -23"><span class='ocrx_word' id='word_1_17' title='bbox 77 473 165 556; x_wconf 86' lang='lat' dir='ltr'><strong>quod</strong></span> <span class='ocrx_word' id='word_1_18' title='bbox 188 471 355 554; x_wconf 73' lang='lat' dir='ltr'><strong>pendete</strong></span> <span class='ocrx_word' id='word_1_19' title='bbox 373 477 559 554; x_wconf 72' lang='lat' dir='ltr'><strong>persuasione</strong></span> <span class='ocrx_word' id='word_1_20' title='bbox 576 487 607 536; x_wconf 90' lang='lat' dir='ltr'><strong>ct</strong></span> <span class='ocrx_word' id='word_1_21' title='bbox 629 475 731 551; x_wconf 86' lang='lat' dir='ltr'><strong>corde,</strong></span> <span class='ocrx_word' id='word_1_22' title='bbox 754 489 812 538; x_wconf 90' lang='lat' dir='ltr'><strong>tum</strong></span> <span class='ocrx_word' id='word_1_23' title='bbox 835 481 921 540; x_wconf 88' lang='lat' dir='ltr'><strong>etiam</strong></span> <span class='ocrx_word' id='word_1_24' title='bbox 944 483 1031 544; x_wconf 88' lang='lat' dir='ltr'><strong>multo</strong></span> <span class='ocrx_word' id='word_1_25' title='bbox 1053 485 1143 544; x_wconf 90' lang='lat' dir='ltr'><strong>minus</strong></span> 
     </span>
     <span class='ocr_line' id='line_1_4' title="bbox 77 559 1143 642; baseline 0.01 -21"><span class='ocrx_word' id='word_1_26' title='bbox 77 559 120 621; x_wconf 88' lang='lat' dir='ltr'><strong>ad</strong></span> <span class='ocrx_word' id='word_1_27' title='bbox 142 579 217 622; x_wconf 81' lang='lat' dir='ltr'><strong>eane</strong></span> <span class='ocrx_word' id='word_1_28' title='bbox 246 560 422 639; x_wconf 88' lang='lat' dir='ltr'><strong>pertinere,</strong></span> <span class='ocrx_word' id='word_1_29' title='bbox 446 562 564 640; x_wconf 82' lang='lat' dir='ltr'><strong>exigere</strong></span> <span class='ocrx_word' id='word_1_30' title='bbox 587 563 717 642; x_wconf 89' lang='lat' dir='ltr'><strong>pervim</strong></span> <span class='ocrx_word' id='word_1_31' title='bbox 740 565 914 626; x_wconf 80' lang='lat' dir='ltr'><strong>exteriorem</strong></span> <span class='ocrx_word' id='word_1_32' title='bbox 936 567 1143 632; x_wconf 87' lang='lat' dir='ltr'><strong>subiectionem</strong></span> 
     </span>
     <span class='ocr_line' id='line_1_5' title="bbox 77 645 1143 726; baseline 0.009 -20"><span class='ocrx_word' id='word_1_33' title='bbox 77 649 143 706; x_wconf 85' lang='lat' dir='ltr'><strong>suis</strong></span> <span class='ocrx_word' id='word_1_34' title='bbox 165 645 356 717; x_wconf 87' lang='lat' dir='ltr'><strong>decretis,“</strong></span> <span class='ocrx_word' id='word_1_35' title='bbox 381 681 420 693; x_wconf 91' lang='lat'>-</span> <span class='ocrx_word' id='word_1_36' title='bbox 439 657 577 726; x_wconf 87' lang='lat' dir='ltr'><strong>quatenus</strong></span> <span class='ocrx_word' id='word_1_37' title='bbox 595 646 820 710; x_wconf 62' lang='lat' dir='ltr'><strong>indeterminatio</strong></span> <span class='ocrx_word' id='word_1_38' title='bbox 844 652 1016 714; x_wconf 77' lang='lat' dir='ltr'><strong>illis&#39;verlsis</strong></span> <span class='ocrx_word' id='word_1_39' title='bbox 1039 657 1143 716; x_wconf 75' lang='lat' dir='ltr'><strong>caten·</strong></span> 
     </span>
     <span class='ocr_line' id='line_1_6' title="bbox 77 733 1143 802; baseline 0.009 -11"><span class='ocrx_word' id='word_1_40' title='bbox 77 734 189 792; x_wconf 84' lang='lat' dir='ltr'><strong>dendo</strong></span> <span class='ocrx_word' id='word_1_41' title='bbox 214 733 266 790; x_wconf 82' lang='lat' dir='ltr'><strong>nd</strong></span> <span class='ocrx_word' id='word_1_42' title='bbox 285 751 339 791; x_wconf 82' lang='lat' dir='ltr'><strong>ree</strong></span> <span class='ocrx_word' id='word_1_43' title='bbox 357 736 522 792; x_wconf 75' lang='lat' dir='ltr'><strong>celeriores</strong></span> <span class='ocrx_word' id='word_1_44' title='bbox 540 743 620 793; x_wconf 90' lang='lat' dir='ltr'><strong>notet</strong></span> <span class='ocrx_word' id='word_1_45' title='bbox 633 735 711 794; x_wconf 89' lang='lat' dir='ltr'><strong>velut</strong></span> <span class='ocrx_word' id='word_1_46' title='bbox 723 735 839 795; x_wconf 83' lang='lat' dir='ltr'><strong>abusum</strong></span> <span class='ocrx_word' id='word_1_47' title='bbox 853 739 1033 800; x_wconf 76' lang='lat' dir='ltr'><strong>auctoritatis</strong></span> <span class='ocrx_word' id='word_1_48' title='bbox 1046 740 1143 802; x_wconf 90' lang='lat' dir='ltr'><strong>eccle·</strong></span> 
     </span>
     <span class='ocr_line' id='line_1_7' title="bbox 78 819 1143 903; baseline 0.007 -26"><span class='ocrx_word' id='word_1_49' title='bbox 78 820 165 889; x_wconf 86' lang='lat' dir='ltr'><strong>siae,</strong></span> <span class='ocrx_word' id='word_1_50' title='bbox 199 835 299 877; x_wconf 86' lang='lat' dir='ltr'><strong>usum</strong></span> <span class='ocrx_word' id='word_1_51' title='bbox 323 820 384 880; x_wconf 89' lang='lat' dir='ltr'><strong>eius</strong></span> <span class='ocrx_word' id='word_1_52' title='bbox 406 819 555 897; x_wconf 88' lang='lat' dir='ltr'><strong>potestatis</strong></span> <span class='ocrx_word' id='word_1_53' title='bbox 578 831 716 899; x_wconf 82' lang='lat' dir='ltr'><strong>acceptae</strong></span> <span class='ocrx_word' id='word_1_54' title='bbox 739 841 756 880; x_wconf 93' lang='lat' dir='ltr'><strong>a</strong></span> <span class='ocrx_word' id='word_1_55' title='bbox 779 819 855 893; x_wconf 87' lang='lat' dir='ltr'><strong>Deo,</strong></span> <span class='ocrx_word' id='word_1_56' title='bbox 884 844 939 903; x_wconf 89' lang='lat' dir='ltr'><strong>qua</strong></span> <span class='ocrx_word' id='word_1_57' title='bbox 962 826 1004 884; x_wconf 89' lang='lat' dir='ltr'><strong>nsi</strong></span> <span class='ocrx_word' id='word_1_58' title='bbox 1026 835 1091 886; x_wconf 83' lang='lat' dir='ltr'><strong>sunt</strong></span> <span class='ocrx_word' id='word_1_59' title='bbox 1113 837 1143 886; x_wconf 92' lang='lat' dir='ltr'><strong>et</strong></span> 
     </span>
     <span class='ocr_line' id='line_1_8' title="bbox 78 902 1142 984; baseline 0.01 -23"><span class='ocrx_word' id='word_1_60' title='bbox 78 905 213 982; x_wconf 82' lang='lat' dir='ltr'><strong>ipsimet</strong></span> <span class='ocrx_word' id='word_1_61' title='bbox 239 902 386 982; x_wconf 78' lang='lat' dir='ltr'><strong>Apostoli</strong></span> <span class='ocrx_word' id='word_1_62' title='bbox 410 905 438 962; x_wconf 93' lang='lat' dir='ltr'><strong>in</strong></span> <span class='ocrx_word' id='word_1_63' title='bbox 462 902 611 984; x_wconf 83' lang='lat' dir='ltr'><strong>discipline</strong></span> <span class='ocrx_word' id='word_1_64' title='bbox 634 906 780 966; x_wconf 84' lang='lat' dir='ltr'><strong>exteriore</strong></span> <span class='ocrx_word' id='word_1_65' title='bbox 803 908 1003 970; x_wconf 89' lang='lat' dir='ltr'><strong>constituenda</strong></span> <span class='ocrx_word' id='word_1_66' title='bbox 1025 921 1055 970; x_wconf 92' lang='lat' dir='ltr'><strong>et</strong></span> <span class='ocrx_word' id='word_1_67' title='bbox 1077 931 1142 972; x_wconf 81' lang='lat' dir='ltr'><strong>san·</strong></span> 
     </span>
     <span class='ocr_line' id='line_1_9' title="bbox 81 987 1074 1048; baseline -0.004 0"><span class='ocrx_word' id='word_1_68' title='bbox 81 987 219 1048; x_wconf 85' lang='lat' dir='ltr'><strong>cienda:</strong></span> <span class='ocrx_word' id='word_1_69' title='bbox 242 991 425 1048; x_wconf 76' lang='lat' dir='ltr'><strong>Haeren&#39;co.</strong></span> <span class='ocrx_word' id='word_1_70' title='bbox 1071 1039 1074 1044; x_wconf 90' lang='lat'>.</span> 
     </span>
    </p>

    <p class='ocr_par' dir='ltr' id='par_1_3' title="bbox 84 1072 1195 1835">
     <span class='ocr_line' id='line_1_10' title="bbox 177 1072 1140 1152; baseline 0.01 -19"><span class='ocrx_word' id='word_1_71' title='bbox 177 1073 223 1133; x_wconf 86' lang='lat' dir='ltr'><strong>V.</strong></span> <span class='ocrx_word' id='word_1_72' title='bbox 252 1072 323 1146; x_wconf 83' lang='lat' dir='ltr'><strong>Qua</strong></span> <span class='ocrx_word' id='word_1_73' title='bbox 342 1084 424 1152; x_wconf 88' lang='lat' dir='ltr'><strong>parte</strong></span> <span class='ocrx_word' id='word_1_74' title='bbox 443 1076 579 1147; x_wconf 82' lang='lat' dir='ltr'><strong>insinuat,</strong></span> <span class='ocrx_word' id='word_1_75' title='bbox 602 1077 755 1136; x_wconf 89' lang='lat' dir='ltr'><strong>ecclesiam</strong></span> <span class='ocrx_word' id='word_1_76' title='bbox 774 1097 829 1136; x_wconf 91' lang='lat' dir='ltr'><strong>nou</strong></span> <span class='ocrx_word' id='word_1_77' title='bbox 854 1078 961 1141; x_wconf 78' lang='lat' dir='ltr'><strong>haltere</strong></span> <span class='ocrx_word' id='word_1_78' title='bbox 985 1083 1140 1142; x_wconf 83' lang='lat' dir='ltr'><strong>auctorita-</strong></span> 
     </span>
     <span class='ocr_line' id='line_1_11' title="bbox 87 1159 1195 1244; baseline 0.009 -28"><span class='ocrx_word' id='word_1_79' title='bbox 87 1169 148 1220; x_wconf 90' lang='lat' dir='ltr'><strong>tem</strong></span> <span class='ocrx_word' id='word_1_80' title='bbox 169 1159 379 1218; x_wconf 88' lang='lat' dir='ltr'><strong>subiectionis</strong></span> <span class='ocrx_word' id='word_1_81' title='bbox 398 1161 455 1218; x_wconf 85' lang='lat' dir='ltr'><strong>suis</strong></span> <span class='ocrx_word' id='word_1_82' title='bbox 474 1159 599 1220; x_wconf 79' lang='lat' dir='ltr'><strong>decretis</strong></span> <span class='ocrx_word' id='word_1_83' title='bbox 618 1160 778 1240; x_wconf 79' lang='lat' dir='ltr'><strong>exigendae</strong></span> <span class='ocrx_word' id='word_1_84' title='bbox 798 1163 883 1223; x_wconf 92' lang='lat' dir='ltr'><strong>aliter</strong></span> <span class='ocrx_word' id='word_1_85' title='bbox 901 1184 982 1243; x_wconf 88' lang='lat' dir='ltr'><strong>qnam</strong></span> <span class='ocrx_word' id='word_1_86' title='bbox 1006 1186 1059 1244; x_wconf 89' lang='lat' dir='ltr'><strong>per</strong></span> <span class='ocrx_word' id='word_1_87' title='bbox 1081 1186 1140 1226; x_wconf 87' lang='lat' dir='ltr'><strong>me·</strong></span> <span class='ocrx_word' id='word_1_88' title='bbox 1190 1172 1195 1184; x_wconf 67' lang='lat'>‘</span> 
     </span>
     <span class='ocr_line' id='line_1_12' title="bbox 84 1242 1139 1325; baseline 0.008 -22"><span class='ocrx_word' id='word_1_89' title='bbox 84 1242 147 1317; x_wconf 89' lang='lat' dir='ltr'><strong>dia,</strong></span> <span class='ocrx_word' id='word_1_90' title='bbox 171 1264 267 1324; x_wconf 88' lang='lat' dir='ltr'><strong>quae.</strong></span> <span class='ocrx_word' id='word_1_91' title='bbox 282 1243 412 1323; x_wconf 90' lang='lat' dir='ltr'><strong>pendent</strong></span> <span class='ocrx_word' id='word_1_92' title='bbox 429 1265 447 1304; x_wconf 88' lang='lat' dir='ltr'><strong>a</strong></span> <span class='ocrx_word' id='word_1_93' title='bbox 464 1247 659 1323; x_wconf 81' lang='lat' dir='ltr'><strong>persuasione,</strong></span> <span class='ocrx_word' id='word_1_94' title='bbox 680 1281 717 1292; x_wconf 87' lang='lat'>-</span> <span class='ocrx_word' id='word_1_95' title='bbox 740 1257 877 1325; x_wconf 86' lang='lat' dir='ltr'><strong>quatenns</strong></span> <span class='ocrx_word' id='word_1_96' title='bbox 896 1249 1025 1308; x_wconf 85' lang='lat' dir='ltr'><strong>intendat</strong></span> <span class='ocrx_word' id='word_1_97' title='bbox 1043 1252 1139 1310; x_wconf 89' lang='lat' dir='ltr'><strong>acele-</strong></span> 
     </span>
     <span class='ocr_line' id='line_1_13' title="bbox 86 1328 1139 1410; baseline 0.01 -22"><span class='ocrx_word' id='word_1_98' title='bbox 86 1331 163 1388; x_wconf 63' lang='lat' dir='ltr'><strong>mam</strong></span> <span class='ocrx_word' id='word_1_99' title='bbox 185 1349 281 1401; x_wconf 89' lang='lat' dir='ltr'><strong>„non</strong></span> <span class='ocrx_word' id='word_1_100' title='bbox 302 1329 409 1389; x_wconf 83' lang='lat' dir='ltr'><strong>habere</strong></span> <span class='ocrx_word' id='word_1_101' title='bbox 429 1330 562 1390; x_wconf 88' lang='lat' dir='ltr'><strong>collatam</strong></span> <span class='ocrx_word' id='word_1_102' title='bbox 580 1328 634 1388; x_wconf 85' lang='lat' dir='ltr'><strong>sibi</strong></span> <span class='ocrx_word' id='word_1_103' title='bbox 654 1351 669 1390; x_wconf 86' lang='lat' dir='ltr'><strong>a</strong></span> <span class='ocrx_word' id='word_1_104' title='bbox 689 1330 1139 1410; x_wconf 84' lang='lat' dir='ltr'><strong>Deopotestatem,nousolua1</strong></span> 
     </span>
     <span class='ocr_line' id='line_1_14' title="bbox 87 1412 1139 1499; baseline 0.007 -26"><span class='ocrx_word' id='word_1_105' title='bbox 87 1412 251 1493; x_wconf 84' lang='lat' dir='ltr'><strong>dirigendi</strong></span> <span class='ocrx_word' id='word_1_106' title='bbox 274 1433 332 1493; x_wconf 87' lang='lat' dir='ltr'><strong>por</strong></span> <span class='ocrx_word' id='word_1_107' title='bbox 350 1416 469 1474; x_wconf 87' lang='lat' dir='ltr'><strong>consilia</strong></span> <span class='ocrx_word' id='word_1_108' title='bbox 487 1426 517 1474; x_wconf 90' lang='lat' dir='ltr'><strong>et</strong></span> <span class='ocrx_word' id='word_1_109' title='bbox 534 1417 695 1487; x_wconf 83' lang='lat' dir='ltr'><strong>suasiones,</strong></span> <span class='ocrx_word' id='word_1_110' title='bbox 718 1413 770 1476; x_wconf 91' lang='lat' dir='ltr'><strong>sed</strong></span> <span class='ocrx_word' id='word_1_111' title='bbox 788 1419 873 1478; x_wconf 89' lang='lat' dir='ltr'><strong>etiam</strong></span> <span class='ocrx_word' id='word_1_112' title='bbox 893 1417 1008 1479; x_wconf 77' lang='lat' dir='ltr'><strong>inobendi</strong></span> <span class='ocrx_word' id='word_1_113' title='bbox 1027 1440 1079 1499; x_wconf 91' lang='lat' dir='ltr'><strong>per</strong></span> <span class='ocrx_word' id='word_1_114' title='bbox 1097 1421 1139 1480; x_wconf 89' lang='lat' dir='ltr'><strong>le-</strong></span> 
     </span>
     <span class='ocr_line' id='line_1_15' title="bbox 88 1498 1140 1584; baseline 0.006 -26"><span class='ocrx_word' id='word_1_115' title='bbox 88 1519 156 1576; x_wconf 80' lang='lat' dir='ltr'><strong>ges,</strong></span> <span class='ocrx_word' id='word_1_116' title='bbox 169 1519 209 1560; x_wconf 86' lang='lat' dir='ltr'><strong>ac</strong></span> <span class='ocrx_word' id='word_1_117' title='bbox 222 1498 334 1559; x_wconf 89' lang='lat' dir='ltr'><strong>devios</strong></span> <span class='ocrx_word' id='word_1_118' title='bbox 345 1511 584 1579; x_wconf 82' lang='lat' dir='ltr'><strong>contumacesque</strong></span> <span class='ocrx_word' id='word_1_119' title='bbox 595 1503 740 1562; x_wconf 84' lang='lat' dir='ltr'><strong>exteriore</strong></span> <span class='ocrx_word' id='word_1_120' title='bbox 751 1500 898 1562; x_wconf 89' lang='lat' dir='ltr'><strong>indicioac</strong></span> <span class='ocrx_word' id='word_1_121' title='bbox 904 1504 1063 1564; x_wconf 84' lang='lat' dir='ltr'><strong>salubribus</strong></span> <span class='ocrx_word' id='word_1_122' title='bbox 1068 1525 1140 1584; x_wconf 90' lang='lat' dir='ltr'><strong>poe·</strong></span> 
     </span>
     <span class='ocr_line' id='line_1_16' title="bbox 91 1582 1142 1666; baseline 0 -18"><span class='ocrx_word' id='word_1_123' title='bbox 91 1586 140 1648; x_wconf 82' lang='lat' dir='ltr'><strong>nis</strong></span> <span class='ocrx_word' id='word_1_124' title='bbox 160 1582 336 1646; x_wconf 88' lang='lat' dir='ltr'><strong>coercendi</strong></span> <span class='ocrx_word' id='word_1_125' title='bbox 353 1596 438 1664; x_wconf 87' lang='lat' dir='ltr'><strong>atque</strong></span> <span class='ocrx_word' id='word_1_126' title='bbox 457 1585 618 1666; x_wconf 84' lang='lat' dir='ltr'><strong>eogendi,“</strong></span> <span class='ocrx_word' id='word_1_127' title='bbox 642 1593 692 1662; x_wconf 86' lang='lat' dir='ltr'><strong>(cx</strong></span> <span class='ocrx_word' id='word_1_128' title='bbox 710 1585 818 1646; x_wconf 90' lang='lat' dir='ltr'><strong>Bencd.</strong></span> <span class='ocrx_word' id='word_1_129' title='bbox 836 1587 914 1646; x_wconf 87' lang='lat' dir='ltr'><strong>XIV.</strong></span> <span class='ocrx_word' id='word_1_130' title='bbox 939 1591 967 1647; x_wconf 89' lang='lat' dir='ltr'><strong>in</strong></span> <span class='ocrx_word' id='word_1_131' title='bbox 990 1588 1071 1648; x_wconf 86' lang='lat' dir='ltr'><strong>brevi</strong></span> <span class='ocrx_word' id='word_1_132' title='bbox 1088 1592 1142 1650; x_wconf 84' lang='lat' dir='ltr'><strong>Ad</strong></span> 
     </span>
     <span class='ocr_line' id='line_1_17' title="bbox 93 1668 1140 1754; baseline 0.003 -24"><span class='ocrx_word' id='word_1_133' title='bbox 93 1672 254 1744; x_wconf 77' lang='lat' dir='ltr'><strong>assiduas,</strong></span> <span class='ocrx_word' id='word_1_134' title='bbox 278 1672 347 1729; x_wconf 90' lang='lat' dir='ltr'><strong>anni</strong></span> <span class='ocrx_word' id='word_1_135' title='bbox 369 1675 459 1734; x_wconf 84' lang='lat'><strong>1755.</strong></span> <span class='ocrx_word' id='word_1_136' title='bbox 478 1668 606 1742; x_wconf 78' lang='lat' dir='ltr'><strong>Palmati,</strong></span> <span class='ocrx_word' id='word_1_137' title='bbox 622 1673 856 1752; x_wconf 82' lang='lat' dir='ltr'><strong>archiepiscopis,</strong></span> <span class='ocrx_word' id='word_1_138' title='bbox 873 1684 903 1731; x_wconf 89' lang='lat' dir='ltr'><strong>et</strong></span> <span class='ocrx_word' id='word_1_139' title='bbox 917 1674 1059 1754; x_wconf 90' lang='lat' dir='ltr'><strong>episcopis</strong></span> <span class='ocrx_word' id='word_1_140' title='bbox 1073 1693 1140 1752; x_wconf 82' lang='lat' dir='ltr'><strong>reg·</strong></span> 
     </span>
     <span class='ocr_line' id='line_1_18' title="bbox 93 1753 1139 1835; baseline 0.006 -19"><span class='ocrx_word' id='word_1_141' title='bbox 93 1756 124 1816; x_wconf 87' lang='lat' dir='ltr'><strong>ai</strong></span> <span class='ocrx_word' id='word_1_142' title='bbox 134 1753 287 1832; x_wconf 77' lang='lat' dir='ltr'><strong>,P010n.)=</strong></span> <span class='ocrx_word' id='word_1_143' title='bbox 302 1757 447 1816; x_wconf 81' lang='lat' dir='ltr'><strong>Indoccns</strong></span> <span class='ocrx_word' id='word_1_144' title='bbox 461 1759 491 1815; x_wconf 84' lang='lat' dir='ltr'><strong>in</strong></span> <span class='ocrx_word' id='word_1_145' title='bbox 506 1767 631 1835; x_wconf 76' lang='lat' dir='ltr'><strong>systema</strong></span> <span class='ocrx_word' id='word_1_146' title='bbox 646 1758 722 1816; x_wconf 80' lang='lat' dir='ltr'><strong>cls‘os</strong></span> <span class='ocrx_word' id='word_1_147' title='bbox 736 1759 901 1818; x_wconf 71' lang='lat' dir='ltr'><strong>domnotoni</strong></span> <span class='ocrx_word' id='word_1_148' title='bbox 913 1759 1139 1823; x_wconf 72' lang='lat' dir='ltr'><strong>cohaereticum.</strong></span> 
     </span>
    </p>
   </div>
   <div class='ocr_carea' id='block_1_3' title="bbox 267 1915 988 2128">
    <p class='ocr_par' dir='ltr' id='par_1_4' title="bbox 267 1915 988 2128">
     <span class='ocr_line' id='line_1_19' title="bbox 267 1915 988 2024; baseline -0.001 -21"><span class='ocrx_word' id='word_1_149' title='bbox 267 1944 350 2004; x_wconf 85' lang='lat' dir='ltr'><strong>lura</strong></span> <span class='ocrx_word' id='word_1_150' title='bbox 371 1915 549 2024; x_wconf 88' lang='lat' dir='ltr'><strong>episcopis</strong></span> <span class='ocrx_word' id='word_1_151' title='bbox 570 1953 713 2022; x_wconf 87' lang='lat' dir='ltr'><strong>praeter</strong></span> <span class='ocrx_word' id='word_1_152' title='bbox 735 1944 787 2001; x_wconf 87' lang='lat' dir='ltr'><strong>ias</strong></span> <span class='ocrx_word' id='word_1_153' title='bbox 809 1943 988 2016; x_wconf 83' lang='lat' dir='ltr'><strong>attributa.</strong></span> 
     </span>
     <span class='ocr_line' id='line_1_20' title="bbox 476 2033 931 2128; baseline 0 -18"><span class='ocrx_word' id='word_1_154' title='bbox 476 2063 554 2113; x_wconf 72' lang='lat' dir='ltr'><strong>nm.</strong></span> <span class='ocrx_word' id='word_1_155' title='bbox 573 2063 604 2110; x_wconf 71' lang='lat' dir='ltr'><strong>a·</strong></span> <span class='ocrx_word' id='word_1_156' title='bbox 622 2033 718 2128; x_wconf 55' lang='lat' dir='ltr'><strong>orossc</strong></span> <span class='ocrx_word' id='word_1_157' title='bbox 736 2067 777 2112; x_wconf 78' lang='grc' dir='ltr'><strong>ιι.</strong></span> <span class='ocrx_word' id='word_1_158' title='bbox 928 2033 931 2040; x_wconf 72' lang='grc'><strong>’</strong></span> 
     </span>
    </p>
   </div>
   <div class='ocr_carea' id='block_1_4' title="bbox 97 2179 1189 3974">
    <p class='ocr_par' dir='ltr' id='par_1_5' title="bbox 97 2179 1189 2843">
     <span class='ocr_line' id='line_1_21' title="bbox 187 2179 1139 2260; baseline 0.001 -18"><span class='ocrx_word' id='word_1_159' title='bbox 187 2181 245 2242; x_wconf 87' lang='lat' dir='ltr'><strong>Vl.</strong></span> <span class='ocrx_word' id='word_1_160' title='bbox 282 2181 421 2249; x_wconf 87' lang='lat' dir='ltr'><strong>Doctrina</strong></span> <span class='ocrx_word' id='word_1_161' title='bbox 449 2179 564 2260; x_wconf 81' lang='lat' dir='ltr'><strong>synodi,</strong></span> <span class='ocrx_word' id='word_1_162' title='bbox 581 2184 648 2260; x_wconf 88' lang='lat' dir='ltr'><strong>&#39;qua</strong></span> <span class='ocrx_word' id='word_1_163' title='bbox 675 2181 839 2260; x_wconf 86' lang='lat' dir='ltr'><strong>profitetur:</strong></span> <span class='ocrx_word' id='word_1_164' title='bbox 868 2180 1057 2253; x_wconf 84' lang='lat' dir='ltr'><strong>„Persuasum</strong></span> <span class='ocrx_word' id='word_1_165' title='bbox 1083 2183 1139 2244; x_wconf 85' lang='lat' dir='ltr'><strong>sibi</strong></span> 
     </span>
     <span class='ocr_line' id='line_1_22' title="bbox 97 2266 1139 2350; baseline 0.003 -24"><span class='ocrx_word' id='word_1_166' title='bbox 97 2285 180 2340; x_wconf 89' lang='lat' dir='ltr'><strong>esse,</strong></span> <span class='ocrx_word' id='word_1_167' title='bbox 212 2270 385 2350; x_wconf 86' lang='lat' dir='ltr'><strong>episcopum</strong></span> <span class='ocrx_word' id='word_1_168' title='bbox 412 2269 559 2345; x_wconf 90' lang='lat' dir='ltr'><strong>accepisse</strong></span> <span class='ocrx_word' id='word_1_169' title='bbox 583 2287 600 2325; x_wconf 91' lang='lat' dir='ltr'><strong>a</strong></span> <span class='ocrx_word' id='word_1_170' title='bbox 623 2266 737 2326; x_wconf 85' lang='lat' dir='ltr'><strong>Christo</strong></span> <span class='ocrx_word' id='word_1_171' title='bbox 764 2269 858 2327; x_wconf 86' lang='lat' dir='ltr'><strong>amnia</strong></span> <span class='ocrx_word' id='word_1_172' title='bbox 884 2269 947 2326; x_wconf 90' lang='lat' dir='ltr'><strong>iura</strong></span> <span class='ocrx_word' id='word_1_173' title='bbox 974 2271 1139 2329; x_wconf 88' lang='lat' dir='ltr'><strong>neccssaria</strong></span> 
     </span>
     <span class='ocr_line' id='line_1_23' title="bbox 100 2350 1138 2435; baseline 0.001 -24"><span class='ocrx_word' id='word_1_174' title='bbox 100 2371 155 2435; x_wconf 89' lang='lat' dir='ltr'><strong>pro</strong></span> <span class='ocrx_word' id='word_1_175' title='bbox 174 2353 260 2413; x_wconf 91' lang='lat' dir='ltr'><strong>bono</strong></span> <span class='ocrx_word' id='word_1_176' title='bbox 282 2353 421 2431; x_wconf 80' lang='lat' dir='ltr'><strong>regimine</strong></span> <span class='ocrx_word' id='word_1_177' title='bbox 440 2371 508 2411; x_wconf 92' lang='lat' dir='ltr'><strong>suae</strong></span> <span class='ocrx_word' id='word_1_178' title='bbox 528 2350 704 2424; x_wconf 83' lang='lat' dir='ltr'><strong>dioecesis,“</strong></span> <span class='ocrx_word' id='word_1_179' title='bbox 723 2386 761 2397; x_wconf 90' lang='lat'><em>-</em></span> <span class='ocrx_word' id='word_1_180' title='bbox 781 2351 901 2431; x_wconf 86' lang='lat' dir='ltr'><strong>perinde</strong></span> <span class='ocrx_word' id='word_1_181' title='bbox 921 2371 955 2411; x_wconf 92' lang='lat' dir='ltr'><strong>ac</strong></span> <span class='ocrx_word' id='word_1_182' title='bbox 979 2354 1003 2411; x_wconf 92' lang='lat' dir='ltr'><strong>si</strong></span> <span class='ocrx_word' id='word_1_183' title='bbox 1026 2351 1062 2414; x_wconf 89' lang='lat' dir='ltr'><strong>ad</strong></span> <span class='ocrx_word' id='word_1_184' title='bbox 1084 2353 1138 2412; x_wconf 80' lang='lat' dir='ltr'><strong>lto·</strong></span> 
     </span>
     <span class='ocr_line' id='line_1_24' title="bbox 99 2436 1138 2520; baseline 0.002 -24"><span class='ocrx_word' id='word_1_185' title='bbox 99 2457 168 2498; x_wconf 88' lang='lat' dir='ltr'><strong>num</strong></span> <span class='ocrx_word' id='word_1_186' title='bbox 188 2441 326 2518; x_wconf 85' lang='lat' dir='ltr'><strong>regimen</strong></span> <span class='ocrx_word' id='word_1_187' title='bbox 345 2440 479 2516; x_wconf 89' lang='lat' dir='ltr'><strong>cuiusque</strong></span> <span class='ocrx_word' id='word_1_188' title='bbox 499 2436 643 2497; x_wconf 82' lang='lat' dir='ltr'><strong>dioecesis</strong></span> <span class='ocrx_word' id='word_1_189' title='bbox 665 2440 846 2501; x_wconf 87' lang='lat' dir='ltr'><strong>necessariae</strong></span> <span class='ocrx_word' id='word_1_190' title='bbox 870 2455 927 2520; x_wconf 87' lang='lat' dir='ltr'><strong>non</strong></span> <span class='ocrx_word' id='word_1_191' title='bbox 950 2437 1007 2497; x_wconf 93' lang='lat' dir='ltr'><strong>sint</strong></span> <span class='ocrx_word' id='word_1_192' title='bbox 1028 2441 1138 2518; x_wconf 87' lang='lat' dir='ltr'><strong>superi-</strong></span> 
     </span>
     <span class='ocr_line' id='line_1_25' title="bbox 103 2523 1138 2602; baseline 0.003 -23"><span class='ocrx_word' id='word_1_193' title='bbox 103 2542 171 2583; x_wconf 92' lang='lat' dir='ltr'><strong>ores</strong></span> <span class='ocrx_word' id='word_1_194' title='bbox 191 2525 395 2584; x_wconf 88' lang='lat' dir='ltr'><strong>ordinationes</strong></span> <span class='ocrx_word' id='word_1_195' title='bbox 413 2533 576 2602; x_wconf 87' lang='lat' dir='ltr'><strong>spectantes</strong></span> <span class='ocrx_word' id='word_1_196' title='bbox 594 2524 653 2583; x_wconf 89' lang='lat' dir='ltr'><strong>sive</strong></span> <span class='ocrx_word' id='word_1_197' title='bbox 672 2523 708 2583; x_wconf 90' lang='lat' dir='ltr'><strong>ad</strong></span> <span class='ocrx_word' id='word_1_198' title='bbox 732 2523 816 2584; x_wconf 84' lang='lat' dir='ltr'><strong>fidem</strong></span> <span class='ocrx_word' id='word_1_199' title='bbox 840 2533 870 2587; x_wconf 89' lang='lat' dir='ltr'><strong>et</strong></span> <span class='ocrx_word' id='word_1_200' title='bbox 887 2542 995 2597; x_wconf 83' lang='lat' dir='ltr'><strong>mores,</strong></span> <span class='ocrx_word' id='word_1_201' title='bbox 1018 2525 1080 2584; x_wconf 87' lang='lat' dir='ltr'><strong>sive</strong></span> <span class='ocrx_word' id='word_1_202' title='bbox 1101 2523 1138 2583; x_wconf 89' lang='lat' dir='ltr'><strong>ed</strong></span> 
     </span>
     <span class='ocr_line' id='line_1_26' title="bbox 102 2607 1189 2689; baseline -0.002 -19"><span class='ocrx_word' id='word_1_203' title='bbox 102 2611 278 2686; x_wconf 83' lang='lat' dir='ltr'><strong>generalem</strong></span> <span class='ocrx_word' id='word_1_204' title='bbox 297 2607 488 2688; x_wconf 86' lang='lat' dir='ltr'><strong>disciplinam,</strong></span> <span class='ocrx_word' id='word_1_205' title='bbox 513 2628 629 2687; x_wconf 83' lang='lat' dir='ltr'><strong>querum</strong></span> <span class='ocrx_word' id='word_1_206' title='bbox 648 2611 691 2668; x_wconf 91' lang='lat' dir='ltr'><strong>ius</strong></span> <span class='ocrx_word' id='word_1_207' title='bbox 708 2620 754 2669; x_wconf 84' lang='lat' dir='ltr'><strong>est</strong></span> <span class='ocrx_word' id='word_1_208' title='bbox 771 2629 860 2689; x_wconf 90' lang='lat' dir='ltr'><strong>penes</strong></span> <span class='ocrx_word' id='word_1_209' title='bbox 878 2629 1001 2669; x_wconf 87' lang='lat' dir='ltr'><strong>summos</strong></span> <span class='ocrx_word' id='word_1_210' title='bbox 1018 2609 1137 2669; x_wconf 63' lang='lat' dir='ltr'><strong>Pontii«</strong></span> <span class='ocrx_word' id='word_1_211' title='bbox 1149 2628 1189 2669; x_wconf 81' lang='lat' dir='ltr'><strong>sss</strong></span> 
     </span>
     <span class='ocr_line' id='line_1_27' title="bbox 105 2695 1135 2774; baseline 0.006 -24"><span class='ocrx_word' id='word_1_212' title='bbox 105 2713 154 2756; x_wconf 90' lang='lat' dir='ltr'><strong>ces</strong></span> <span class='ocrx_word' id='word_1_213' title='bbox 175 2707 208 2762; x_wconf 86' lang='lat' dir='ltr'><strong>et</strong></span> <span class='ocrx_word' id='word_1_214' title='bbox 228 2696 355 2756; x_wconf 88' lang='lat' dir='ltr'><strong>concilia</strong></span> <span class='ocrx_word' id='word_1_215' title='bbox 374 2695 520 2774; x_wconf 77' lang='lat' dir='ltr'><strong>generalia</strong></span> <span class='ocrx_word' id='word_1_216' title='bbox 538 2705 591 2772; x_wconf 82' lang='lat' dir='ltr'><strong>pro</strong></span> <span class='ocrx_word' id='word_1_217' title='bbox 615 2696 747 2754; x_wconf 88' lang='lat' dir='ltr'><strong>universa</strong></span> <span class='ocrx_word' id='word_1_218' title='bbox 769 2697 909 2758; x_wconf 69' lang='lat' dir='ltr'><strong>ecclesias</strong></span> <span class='ocrx_word' id='word_1_219' title='bbox 933 2696 1135 2767; x_wconf 63' lang='lat' dir='ltr'><strong>Sedisonction</strong></span> 
     </span>
     <span class='ocr_line' id='line_1_28' title="bbox 103 2780 416 2843; baseline -0.01 -1"><span class='ocrx_word' id='word_1_220' title='bbox 103 2780 145 2842; x_wconf 80' lang='lat' dir='ltr'><strong>od</strong></span> <span class='ocrx_word' id='word_1_221' title='bbox 161 2785 263 2843; x_wconf 74' lang='lat' dir='ltr'><strong>micus</strong></span> <span class='ocrx_word' id='word_1_222' title='bbox 282 2800 416 2840; x_wconf 83' lang='lat' dir='ltr'><strong>erroneo.</strong></span> 
     </span>
    </p>

    <p class='ocr_par' dir='ltr' id='par_1_6' title="bbox 104 2862 1138 3887">
     <span class='ocr_line' id='line_1_29' title="bbox 190 2862 1137 2944; baseline -0.001 -19"><span class='ocrx_word' id='word_1_223' title='bbox 190 2865 261 2926; x_wconf 71' lang='lat' dir='ltr'><strong>Vll.</strong></span> <span class='ocrx_word' id='word_1_224' title='bbox 288 2865 361 2926; x_wconf 85' lang='lat' dir='ltr'><strong>ltem</strong></span> <span class='ocrx_word' id='word_1_225' title='bbox 384 2869 412 2926; x_wconf 92' lang='lat' dir='ltr'><strong>in</strong></span> <span class='ocrx_word' id='word_1_226' title='bbox 435 2885 485 2937; x_wconf 91' lang='lat' dir='ltr'><strong>eo,</strong></span> <span class='ocrx_word' id='word_1_227' title='bbox 514 2862 589 2944; x_wconf 86' lang='lat' dir='ltr'><strong>quod</strong></span> <span class='ocrx_word' id='word_1_228' title='bbox 612 2863 743 2922; x_wconf 73' lang='lat' dir='ltr'><strong>hortatur</strong></span> <span class='ocrx_word' id='word_1_229' title='bbox 764 2864 929 2942; x_wconf 87' lang='lat' dir='ltr'><strong>episcopum</strong></span> <span class='ocrx_word' id='word_1_230' title='bbox 952 2862 1010 2934; x_wconf 84' lang='lat' dir='ltr'><strong>„ad</strong></span> <span class='ocrx_word' id='word_1_231' title='bbox 1036 2883 1137 2943; x_wconf 87' lang='lat' dir='ltr'><strong>prose·</strong></span> 
     </span>
     <span class='ocr_line' id='line_1_30' title="bbox 108 2946 1136 3030; baseline 0.002 -24"><span class='ocrx_word' id='word_1_232' title='bbox 108 2951 254 3026; x_wconf 82' lang='lat' dir='ltr'><strong>quendam</strong></span> <span class='ocrx_word' id='word_1_233' title='bbox 273 2952 384 3011; x_wconf 85' lang='lat' dir='ltr'><strong>naviter</strong></span> <span class='ocrx_word' id='word_1_234' title='bbox 406 2951 609 3030; x_wconf 77' lang='lat' dir='ltr'><strong>perfectiorem</strong></span> <span class='ocrx_word' id='word_1_235' title='bbox 632 2949 850 3008; x_wconf 87' lang='lat' dir='ltr'><strong>ecclesiasticae</strong></span> <span class='ocrx_word' id='word_1_236' title='bbox 874 2946 1043 3026; x_wconf 89' lang='lat' dir='ltr'><strong>disciplinae</strong></span> <span class='ocrx_word' id='word_1_237' title='bbox 1067 2969 1136 3008; x_wconf 92' lang='lat' dir='ltr'><strong>con-</strong></span> 
     </span>
     <span class='ocr_line' id='line_1_31' title="bbox 104 3031 1137 3115; baseline 0.002 -25"><span class='ocrx_word' id='word_1_238' title='bbox 104 3035 298 3108; x_wconf 89' lang='lat' dir='ltr'><strong>stitutionem,</strong></span> <span class='ocrx_word' id='word_1_239' title='bbox 319 3035 413 3115; x_wconf 86' lang='lat' dir='ltr'><strong>idque,</strong></span> <span class='ocrx_word' id='word_1_240' title='bbox 434 3047 536 3095; x_wconf 89' lang='lat' dir='ltr'><strong>contra</strong></span> <span class='ocrx_word' id='word_1_241' title='bbox 554 3053 651 3094; x_wconf 90' lang='lat' dir='ltr'><strong>omnes</strong></span> <span class='ocrx_word' id='word_1_242' title='bbox 665 3034 825 3094; x_wconf 86' lang='lat' dir='ltr'><strong>contrarias</strong></span> <span class='ocrx_word' id='word_1_243' title='bbox 839 3031 1069 3105; x_wconf 89' lang='lat' dir='ltr'><strong>consuetudines,</strong></span> <span class='ocrx_word' id='word_1_244' title='bbox 1086 3053 1137 3093; x_wconf 83' lang='lat' dir='ltr'><strong>ex·</strong></span> 
     </span>
     <span class='ocr_line' id='line_1_32' title="bbox 107 3116 1138 3203; baseline 0.002 -26"><span class='ocrx_word' id='word_1_245' title='bbox 107 3125 287 3200; x_wconf 89' lang='lat' dir='ltr'><strong>emptiones,</strong></span> <span class='ocrx_word' id='word_1_246' title='bbox 312 3123 523 3182; x_wconf 84' lang='lat' dir='ltr'><strong>reservationes</strong></span> <span class='ocrx_word' id='word_1_247' title='bbox 547 3140 618 3203; x_wconf 88' lang='lat' dir='ltr'><strong>quae</strong></span> <span class='ocrx_word' id='word_1_248' title='bbox 642 3118 829 3180; x_wconf 86' lang='lat' dir='ltr'><strong>adversantur</strong></span> <span class='ocrx_word' id='word_1_249' title='bbox 845 3117 922 3177; x_wconf 85' lang='lat' dir='ltr'><strong>hono</strong></span> <span class='ocrx_word' id='word_1_250' title='bbox 942 3117 1036 3177; x_wconf 91' lang='lat' dir='ltr'><strong>ordini</strong></span> <span class='ocrx_word' id='word_1_251' title='bbox 1056 3116 1138 3179; x_wconf 91' lang='lat' dir='ltr'><strong>dioe-</strong></span> 
     </span>
     <span class='ocr_line' id='line_1_33' title="bbox 107 3202 1138 3285; baseline -0.001 -22"><span class='ocrx_word' id='word_1_252' title='bbox 107 3208 201 3280; x_wconf 88' lang='lat' dir='ltr'><strong>cesis,</strong></span> <span class='ocrx_word' id='word_1_253' title='bbox 222 3208 324 3266; x_wconf 85' lang='lat' dir='ltr'><strong>maiori</strong></span> <span class='ocrx_word' id='word_1_254' title='bbox 343 3208 453 3285; x_wconf 84' lang='lat' dir='ltr'><strong>gloriae</strong></span> <span class='ocrx_word' id='word_1_255' title='bbox 468 3206 522 3266; x_wconf 78' lang='lat' dir='ltr'><strong>nai</strong></span> <span class='ocrx_word' id='word_1_256' title='bbox 540 3217 570 3265; x_wconf 92' lang='lat' dir='ltr'><strong>et</strong></span> <span class='ocrx_word' id='word_1_257' title='bbox 587 3205 689 3268; x_wconf 88' lang='lat' dir='ltr'><strong>maiori</strong></span> <span class='ocrx_word' id='word_1_258' title='bbox 708 3203 902 3266; x_wconf 81' lang='lat' dir='ltr'><strong>aedificationi</strong></span> <span class='ocrx_word' id='word_1_259' title='bbox 920 3202 1077 3276; x_wconf 83' lang='lat' dir='ltr'><strong>fidelium,“</strong></span> <span class='ocrx_word' id='word_1_260' title='bbox 1094 3239 1138 3249; x_wconf 90' lang='lat'><strong>—-</strong></span> 
     </span>
     <span class='ocr_line' id='line_1_34' title="bbox 110 3287 1138 3374; baseline -0.005 -23"><span class='ocrx_word' id='word_1_261' title='bbox 110 3308 163 3366; x_wconf 86' lang='lat' dir='ltr'><strong>per</strong></span> <span class='ocrx_word' id='word_1_262' title='bbox 177 3292 220 3366; x_wconf 84' lang='lat' dir='ltr'><strong>id,</strong></span> <span class='ocrx_word' id='word_1_263' title='bbox 241 3292 316 3374; x_wconf 92' lang='lat' dir='ltr'><strong>quod</strong></span> <span class='ocrx_word' id='word_1_264' title='bbox 334 3295 467 3372; x_wconf 87' lang='lat' dir='ltr'><strong>supponit</strong></span> <span class='ocrx_word' id='word_1_265' title='bbox 484 3293 622 3372; x_wconf 92' lang='lat' dir='ltr'><strong>eplscopo</strong></span> <span class='ocrx_word' id='word_1_266' title='bbox 641 3292 685 3352; x_wconf 82' lang='lat' dir='ltr'><strong>fae</strong></span> <span class='ocrx_word' id='word_1_267' title='bbox 704 3311 767 3352; x_wconf 84' lang='lat' dir='ltr'><strong>esse</strong></span> <span class='ocrx_word' id='word_1_268' title='bbox 785 3290 902 3370; x_wconf 91' lang='lat' dir='ltr'><strong>proprio</strong></span> <span class='ocrx_word' id='word_1_269' title='bbox 920 3309 972 3350; x_wconf 89' lang='lat' dir='ltr'><strong>suo</strong></span> <span class='ocrx_word' id='word_1_270' title='bbox 986 3287 1092 3354; x_wconf 87' lang='lat' dir='ltr'><strong>iudicio</strong></span> <span class='ocrx_word' id='word_1_271' title='bbox 1108 3301 1138 3348; x_wconf 89' lang='lat' dir='ltr'><strong>et</strong></span> 
     </span>
     <span class='ocr_line' id='line_1_35' title="bbox 110 3373 1136 3445; baseline 0.003 -14"><span class='ocrx_word' id='word_1_272' title='bbox 110 3375 251 3438; x_wconf 83' lang='lat' dir='ltr'><strong>arbitratu</strong></span> <span class='ocrx_word' id='word_1_273' title='bbox 270 3388 396 3438; x_wconf 85' lang='lat' dir='ltr'><strong>statuere</strong></span> <span class='ocrx_word' id='word_1_274' title='bbox 416 3389 446 3436; x_wconf 92' lang='lat' dir='ltr'><strong>et</strong></span> <span class='ocrx_word' id='word_1_275' title='bbox 464 3377 623 3438; x_wconf 89' lang='lat' dir='ltr'><strong>decernere</strong></span> <span class='ocrx_word' id='word_1_276' title='bbox 644 3387 745 3437; x_wconf 85' lang='lat' dir='ltr'><strong>contra</strong></span> <span class='ocrx_word' id='word_1_277' title='bbox 769 3373 1004 3445; x_wconf 85' lang='lat' dir='ltr'><strong>consuetudines,</strong></span> <span class='ocrx_word' id='word_1_278' title='bbox 1038 3393 1136 3436; x_wconf 65' lang='lat' dir='ltr'><strong>eum-</strong></span> 
     </span>
     <span class='ocr_line' id='line_1_36' title="bbox 109 3460 1136 3542; baseline 0.008 -24"><span class='ocrx_word' id='word_1_279' title='bbox 109 3461 238 3538; x_wconf 88' lang='lat' dir='ltr'><strong>ptiones,</strong></span> <span class='ocrx_word' id='word_1_280' title='bbox 266 3467 491 3534; x_wconf 82' lang='lat' dir='ltr'><strong>reservationes,</strong></span> <span class='ocrx_word' id='word_1_281' title='bbox 517 3464 579 3522; x_wconf 83' lang='lat' dir='ltr'><strong>sire</strong></span> <span class='ocrx_word' id='word_1_282' title='bbox 603 3482 675 3542; x_wconf 87' lang='lat' dir='ltr'><strong>quae</strong></span> <span class='ocrx_word' id='word_1_283' title='bbox 699 3464 728 3522; x_wconf 91' lang='lat' dir='ltr'><strong>in</strong></span> <span class='ocrx_word' id='word_1_284' title='bbox 756 3463 887 3526; x_wconf 83' lang='lat' dir='ltr'><strong>univorsa</strong></span> <span class='ocrx_word' id='word_1_285' title='bbox 903 3460 1044 3532; x_wconf 66' lang='lat' dir='ltr'><strong>molesta,</strong></span> <span class='ocrx_word' id='word_1_286' title='bbox 1076 3461 1136 3520; x_wconf 73' lang='lat' dir='ltr'><strong>slve</strong></span> 
     </span>
     <span class='ocr_line' id='line_1_37' title="bbox 108 3547 1136 3630; baseline 0.004 -28"><span class='ocrx_word' id='word_1_287' title='bbox 108 3549 196 3607; x_wconf 87' lang='lat' dir='ltr'><strong>etiam</strong></span> <span class='ocrx_word' id='word_1_288' title='bbox 215 3555 243 3610; x_wconf 89' lang='lat' dir='ltr'><strong>io</strong></span> <span class='ocrx_word' id='word_1_289' title='bbox 261 3569 429 3630; x_wconf 85' lang='lat' dir='ltr'><strong>unaquaque</strong></span> <span class='ocrx_word' id='word_1_290' title='bbox 451 3550 599 3630; x_wconf 81' lang='lat' dir='ltr'><strong>provincie</strong></span> <span class='ocrx_word' id='word_1_291' title='bbox 618 3549 710 3609; x_wconf 90' lang='lat' dir='ltr'><strong>locum</strong></span> <span class='ocrx_word' id='word_1_292' title='bbox 725 3548 844 3618; x_wconf 74' lang='lat' dir='ltr'><strong>dalem,</strong></span> <span class='ocrx_word' id='word_1_293' title='bbox 864 3548 924 3612; x_wconf 86' lang='lat' dir='ltr'><strong>sine</strong></span> <span class='ocrx_word' id='word_1_294' title='bbox 941 3547 1027 3608; x_wconf 87' lang='lat' dir='ltr'><strong>venia</strong></span> <span class='ocrx_word' id='word_1_295' title='bbox 1043 3555 1073 3606; x_wconf 87' lang='lat' dir='ltr'><strong>et</strong></span> <span class='ocrx_word' id='word_1_296' title='bbox 1090 3547 1136 3606; x_wconf 91' lang='lat' dir='ltr'><strong>in·</strong></span> 
     </span>
     <span class='ocr_line' id='line_1_38' title="bbox 113 3631 1136 3716; baseline -0.003 -23"><span class='ocrx_word' id='word_1_297' title='bbox 113 3637 243 3696; x_wconf 85' lang='lat' dir='ltr'><strong>terventn</strong></span> <span class='ocrx_word' id='word_1_298' title='bbox 256 3638 413 3716; x_wconf 84' lang='lat' dir='ltr'><strong>superioris</strong></span> <span class='ocrx_word' id='word_1_299' title='bbox 427 3633 625 3702; x_wconf 81' lang='lat' dir='ltr'><strong>hierarchicae</strong></span> <span class='ocrx_word' id='word_1_300' title='bbox 639 3634 804 3714; x_wconf 87' lang='lat' dir='ltr'><strong>potestatis,</strong></span> <span class='ocrx_word' id='word_1_301' title='bbox 823 3653 840 3694; x_wconf 88' lang='lat' dir='ltr'><strong>a</strong></span> <span class='ocrx_word' id='word_1_302' title='bbox 856 3652 911 3712; x_wconf 85' lang='lat' dir='ltr'><strong>qna</strong></span> <span class='ocrx_word' id='word_1_303' title='bbox 923 3631 1056 3696; x_wconf 87' lang='lat' dir='ltr'><strong>inductae</strong></span> <span class='ocrx_word' id='word_1_304' title='bbox 1070 3642 1136 3698; x_wconf 84' lang='lat' dir='ltr'><strong>sunt</strong></span> 
     </span>
     <span class='ocr_line' id='line_1_39' title="bbox 114 3718 1135 3800; baseline 0.005 -19"><span class='ocrx_word' id='word_1_305' title='bbox 114 3727 160 3776; x_wconf 74' lang='lat' dir='ltr'><strong>ott</strong></span> <span class='ocrx_word' id='word_1_306' title='bbox 168 3723 316 3799; x_wconf 68' lang='lat' dir='ltr'><strong>probatae,</strong></span> <span class='ocrx_word' id='word_1_307' title='bbox 331 3733 362 3782; x_wconf 93' lang='lat' dir='ltr'><strong>et</strong></span> <span class='ocrx_word' id='word_1_308' title='bbox 374 3723 430 3782; x_wconf 81' lang='lat' dir='ltr'><strong>uin</strong></span> <span class='ocrx_word' id='word_1_309' title='bbox 444 3722 517 3800; x_wconf 72' lang='lat' dir='ltr'><strong>legis</strong></span> <span class='ocrx_word' id='word_1_310' title='bbox 530 3722 669 3780; x_wconf 76' lang='lat' dir='ltr'><strong>‹dtineotc</strong></span> <span class='ocrx_word' id='word_1_311' title='bbox 684 3721 828 3782; x_wconf 65' lang='lat' dir='ltr'><strong>amorra</strong></span> <span class='ocrx_word' id='word_1_312' title='bbox 842 3721 872 3778; x_wconf 81' lang='lat' dir='ltr'><strong>in</strong></span> <span class='ocrx_word' id='word_1_313' title='bbox 885 3719 1010 3784; x_wconf 53' lang='lat' dir='ltr'><strong>eoduma</strong></span> <span class='ocrx_word' id='word_1_314' title='bbox 1024 3728 1055 3782; x_wconf 75' lang='lat' dir='ltr'><strong>st</strong></span> <span class='ocrx_word' id='word_1_315' title='bbox 1064 3718 1135 3786; x_wconf 76' lang='lat' dir='ltr'><strong>aab·</strong></span> 
     </span>
     <span class='ocr_line' id='line_1_40' title="bbox 110 3807 812 3887; baseline -0.001 -22"><span class='ocrx_word' id='word_1_316' title='bbox 110 3810 272 3868; x_wconf 63' lang='lat' dir='ltr'><strong>ammom</strong></span> <span class='ocrx_word' id='word_1_317' title='bbox 290 3807 475 3868; x_wconf 71' lang='lat' dir='ltr'><strong>hierarchici</strong></span> <span class='ocrx_word' id='word_1_318' title='bbox 490 3809 656 3887; x_wconf 65' lang='lat' dir='ltr'><strong>repentae,</strong></span> <span class='ocrx_word' id='word_1_319' title='bbox 674 3818 812 3870; x_wconf 78' lang='lat' dir='ltr'><strong>emeca.</strong></span> 
     </span>
    </p>

    <p class='ocr_par' dir='ltr' id='par_1_7' title="bbox 198 3890 1136 3974">
     <span class='ocr_line' id='line_1_41' title="bbox 198 3890 1136 3974; baseline -0.002 -22"><span class='ocrx_word' id='word_1_320' title='bbox 198 3891 279 3957; x_wconf 87' lang='lat' dir='ltr'><strong>Vlll.</strong></span> <span class='ocrx_word' id='word_1_321' title='bbox 305 3893 389 3966; x_wconf 89' lang='lat' dir='ltr'><strong>ltern,</strong></span> <span class='ocrx_word' id='word_1_322' title='bbox 414 3893 489 3974; x_wconf 91' lang='lat' dir='ltr'><strong>quod</strong></span> <span class='ocrx_word' id='word_1_323' title='bbox 508 3905 538 3955; x_wconf 89' lang='lat' dir='ltr'><strong>et</strong></span> <span class='ocrx_word' id='word_1_324' title='bbox 555 3893 610 3960; x_wconf 83' lang='lat' dir='ltr'><strong>sibi</strong></span> <span class='ocrx_word' id='word_1_325' title='bbox 627 3911 792 3974; x_wconf 86' lang='lat' dir='ltr'><strong>persuasum</strong></span> <span class='ocrx_word' id='word_1_326' title='bbox 811 3911 873 3952; x_wconf 91' lang='lat' dir='ltr'><strong>esse</strong></span> <span class='ocrx_word' id='word_1_327' title='bbox 892 3892 946 3962; x_wconf 88' lang='lat' dir='ltr'><strong>ait,</strong></span> <span class='ocrx_word' id='word_1_328' title='bbox 970 3890 1056 3963; x_wconf 92' lang='lat' dir='ltr'><strong>„lura</strong></span> <span class='ocrx_word' id='word_1_329' title='bbox 1074 3890 1136 3970; x_wconf 88' lang='lat' dir='ltr'><strong>epi·</strong></span> 
     </span>
    </p>
   </div>
   <div class='ocr_carea' id='block_1_5' title="bbox 0 0 1328 4336">
    <p class='ocr_par' dir='ltr' id='par_1_8' title="bbox 0 0 1328 4336">
     <span class='ocr_line' id='line_1_42' title="bbox 0 0 1328 4336; baseline 0 1"><span class='ocrx_word' id='word_1_330' title='bbox 0 0 1328 4336; x_wconf 95' lang='lat' dir='ltr'><strong> </strong></span> 
     </span>
    </p>
   </div>
  </div>
 </body>
</html>
