2648 4336
288 230 293 234 “
386 221 518 304 numu.
536 247 623 302 suet.
641 247 807 304 russos.
1031 227 1115 310 ena*

61 413 128 452 mon
153 408 238 470 posse
263 388 340 451 cultu
362 388 478 460 latriae,
500 423 545 434 -
567 391 647 468 quasi
669 388 770 450 lideles
794 409 846 451 cor
864 389 928 451 lesu
947 389 1101 455 adorarent

66 498 136 538 cum
161 475 343 554 separatione
361 474 407 534 vel
425 475 606 554 praecisione
630 495 647 534 a
670 472 832 548 divinitate,
855 473 920 535 dom
943 475 1013 537 illud
1030 477 1101 539 ado-

66 574 147 633 rant,
168 572 199 620 ut
216 569 261 619 est
279 578 331 618 cor
349 558 423 630 lesu,
443 579 496 618 cor
514 577 614 638 nempe
633 577 774 637 personae
793 558 898 633 Verbi,
923 564 969 624 cui
987 564 1101 643 insepa·
1154 607 1156 618 .
1224 581 1229 588 ·

62 647 205 708 ,rabiliter
226 644 333 704 unitum
357 655 414 715 est,
439 642 475 703 ad
498 663 562 704 oum
589 642 716 716 modum,
745 664 799 724 quo
828 665 973 725 exsangue
997 667 1100 729 corpus

66 733 182 792 Christi
209 732 237 790 in
266 728 359 789 triduo
387 730 488 788 mortis
519 731 580 789 siue
604 731 785 808 separatione
809 742 857 791 aut
879 731 1060 812 praecisione
1084 755 1124 794 a,
1214 770 1219 780 ι

62 817 225 878 divinitate
252 812 401 874 adorabile
428 816 482 874 luit
513 817 541 876 in
575 816 723 894 sepulcro:
753 817 908 896 Captrasa,
942 819 971 878 in
989 818 1102 896 fideles

62 905 175 963 cordia
195 902 308 961 curua·
323 903 453 960 cultores
471 902 625 961 iniurairsa.
1107 903 1111 910 '

115 1073 165 1132 De
190 1069 315 1131 ordine
339 1072 563 1215 praescrippo
587 1072 710 1214 indpiis
733 1075 1058 1135 exercitationibus

498 1175 515 1216 o
548 1175 612 1216 eun
644 1177 682 1215 ns.

357 1275 486 1324 Deerat.
504 1272 527 1340 ᾗ
550 1277 590 1326 14.
603 1275 713 1336 Append.
732 1292 758 1324 ro.
778 1279 819 1326 dd.

160 1376 266 1438 LXIV.
285 1376 434 1447 Doctrina,
455 1395 526 1456 quae
541 1377 618 1436 velut
632 1380 857 1457 superstitiosam
872 1382 1003 1440 universe
1024 1391 1104 1441 notat

67 1481 295 1545 „quamcunque
317 1461 487 1532 efficaciam,
507 1481 579 1540 quae
598 1474 721 1540 ponatur
738 1465 765 1522 in
781 1462 970 1524 determinato
986 1485 1103 1544 numero

64 1569 190 1632 precum
224 1559 254 1632 et
278 1549 388 1626 piarunt
415 1547 647 1619 salutationum,“
674 1584 717 1593 —
745 1561 877 1628 tanquam
905 1552 1105 1628 superstitiosa

72 1634 224 1696 censenda
247 1643 325 1692 emet
346 1633 492 1703 efficacia,
516 1652 588 1711 quae
612 1636 731 1693 sumitur
754 1653 810 1693 non
834 1653 870 1692 ex
889 1635 1006 1693 nu'mero
1025 1637 1053 1698 in
1073 1651 1104 1694 se

70 1730 224 1802 spectato,
248 1717 299 1778 sed
323 1737 359 1776 ex
377 1719 556 1796 praescripto
575 1719 728 1791 ecclesiae,
749 1727 857 1778 certum
876 1738 1019 1778 numerum
1039 1739 1123 1799 pren
1168 1737 1194 1786 ·,

69 1827 138 1867 eum
167 1805 214 1865 vel
242 1814 424 1877 externarum
443 1804 585 1862 actionum
613 1803 809 1882 praefinientis
836 1823 888 1882 pro
921 1803 1105 1883 indulgentiis
1246 1805 1252 1812 '

66 1887 301 1970 consequentiis,
324 1909 377 1968 pro
397 1886 584 1967 adimplendis
603 1890 801 1966 poenitentiis,
821 1899 851 1948 et
873 1892 1031 1966 generatim
1050 1909 1102 1968 pro

70 1997 161 2038 sacro
184 1986 215 2034 et
236 1975 374 2052 religioso
398 1975 476 2032 cultu
498 1977 553 2032 rite
572 1983 602 2033 et
620 1991 657 2032 ex
680 1972 780 2032 ordine
799 1973 979 2053 peragendo:
1003 1975 1103 2045 Falsa,

71 2063 250 2133 temeraria,
269 2061 458 2131 scandaloso,
473 2061 655 2137 peruiciosa,
671 2062 784 2136 pietati
789 2057 928 2137 fidelium
948 2061 1102 2130 im'uriosa,

71 2150 223 2209 ecclesiae
241 2147 419 2205 auctoritati
435 2146 593 2224 derogare,
614 2163 751 2202 erronea.

462 2298 503 2345 De
517 2301 615 2359 poenit.
634 2295 660 2364 §.
679 2301 720 2348 1⁰.

163 2401 252 2462 LXV.
271 2399 434 2480 Propositio
459 2403 628 2460 enuncians:
652 2401 866 2481 „lrregularenn
885 2403 1035 2482 strepitum
1053 2421 1106 2461 no·
1132 2415 1135 2418 ·

71 2509 176 2550 varum
195 2489 414 2557 institutionum,
435 2505 507 2564 quae
527 2486 621 2547 dictae
640 2498 705 2546 sunt
724 2488 864 2547 exercitia
882 2488 928 2548 vel
946 2487 1105 2559 missiones,

72 2577 155 2634 forte
170 2591 311 2651 nunquam
326 2583 375 2630 aut
388 2572 487 2630 saltem
503 2591 622 2650 perraro
642 2592 678 2631 eo
696 2575 875 2652 pertingere,
893 2583 924 2632 ut
947 2574 1106 2632 absolutam

74 2659 297 2720 conversionem
312 2668 477 2736 operentur,
497 2667 527 2716 et
546 2658 707 2716 exteriores
721 2658 786 2717 illos
801 2661 1000 2718 commotionis
1014 2669 1105 2728 actus,

76 2746 127 2824 qui
151 2761 325 2822 apparuere,
354 2743 394 2801 nil
421 2740 497 2800 aliud
525 2741 627 2812 luisse,
656 2760 738 2820 quam
766 2744 942 2810 transeuntia
971 2743 1107 2802 naturalis

77 2829 278 2889 concussionis
302 2827 445 2905 fulgurat
475 2827 659 2897 Temeraria,
682 2828 759 2885 male
780 2845 903 2897 sonans,
922 2830 1105 2904 perniciosa,
1120 2837 1161 2881 sea

76 2917 161 2975 mori
176 2916 243 2992 pio,
266 2914 442 2972 salutariter
456 2932 513 2989 per
532 2913 684 2972 eeclesiam
694 2908 892 2989 frequentato
917 2921 948 2970 et
964 2913 994 2970 im
1018 2910 1106 2970 uerbo
1183 2981 1187 3002 ι

74 2996 281 3076 Deisuudato
300 3000 456 3058 rotarioro.

182 3151 229 3211 De
247 3149 345 3212 modo
364 3149 559 3228 iungendae
578 3154 676 3210 vocis
694 3150 813 3230 populi
833 3168 904 3208 cum
922 3168 1008 3208 voce

301 3235 478 3296 ecclesiae
497 3237 530 3296 in
548 3237 713 3316 precihus
731 3233 893 3314 publicis.

483 3354 525 3404 De
544 3365 612 3405 orat.
631 3352 656 3422 §.
676 3360 716 3406 24.

167 3457 272 3520 LXVI.
299 3459 470 3539 Propositio·
492 3479 637 3521 asserens:
671 3459 766 3532 „Fore
794 3469 896 3520 contra
923 3456 1109 3537 apostolicam

78 3547 185 3628 praxim
209 3556 238 3604 et
256 3544 311 3605 Dei
335 3547 469 3618 consilia,
495 3548 547 3606 nisi
570 3546 677 3626 populo
694 3546 840 3613 faciliores
859 3545 922 3603 viae
941 3552 1111 3623 pararentur

81 3651 184 3692 vocem
207 3649 286 3690 suom
310 3631 445 3712 iungendi
465 3652 527 3692 cum
546 3651 618 3690 voce
637 3633 724 3690 totius
743 3630 918 3700 ecelesiae,“
936 3663 980 3674 -
997 3628 1111 3688 intelle·

82 3729 131 3778 cta
154 3717 191 3776 de
213 3737 265 3776 usu
287 3719 414 3798 vulgaris
437 3720 551 3798 linguae
575 3719 603 3778 in
627 3717 775 3794 liturgicus
799 3734 901 3794 preces
919 3713 1107 3774 inducendae.

80 3806 188 3874 Falsa,
226 3808 400 3877 temeraria,
437 3807 551 3865 ordim‘s
583 3823 640 3882 pro
673 3801 876 3880 mysteriorum
909 3801 1111 3861 celebratione

77 3889 267 3968 praescripti
273 3891 494 3966 perturbativa,
509 3893 639 3974 pluriam
654 3880 796 3948 malorum
806 3885 906 3968 facile
920 3890 1110 3967 productric.
