2648 4336
972 51 980 80 Ι

29 217 31 228 ’
120 187 135 202 ⁸
217 245 299 312 aaa
502 215 973 312 namuururrsr'oru

304 381 400 462 Atque
414 381 438 440 is
456 378 528 460 ipse,
546 395 604 434 non
621 371 709 452 longo
728 368 878 430 intervallo
896 377 1007 448 postea,
1026 385 1109 444 quam
1128 383 1144 422 a
1163 383 1234 422 com·

220 473 307 552 plexu
330 477 429 528 nostro
453 483 516 524 eum
543 461 642 520 osculo
668 458 749 539 pacis
776 455 906 515 dimissus
933 451 970 512 ad
997 451 1161 510 commissas
1186 448 1234 508 sibi

219 557 320 638 plebes
347 551 485 620 accessit,
518 554 754 607 coacervatorum
785 558 939 621 perversae
966 537 1126 616 sapientiae
1153 535 1234 612 magi-

221 653 344 702 suorum
362 633 508 699 noudum
527 633 736 694 circumventus
755 647 790 688 eo
810 627 907 705 coepit
929 622 1090 694 intendere,
1109 631 1141 680 ut
1162 639 1233 700 φιιιιι

221 728 386 806 superiores
404 721 545 782 antistites
564 737 601 778 ex
619 714 819 776 ecclesiastica
839 711 939 789 regula
958 707 1130 768 laudabilem
1148 715 1177 766 et
1193 725 1235 784 pa-

222 823 314 872 catam
329 809 509 868 Christianae
528 801 852 862 institutionis'lormam
870 798 925 854 iam
943 793 1053 875 pridem
1077 795 1236 852 invexerant
1294 815 1295 884 y

221 915 257 956 ae
278 913 371 974 paene
396 891 570 959 defixerant,
594 907 651 952 nou
670 887 718 947 ille
737 903 791 965 pro
810 897 860 954 eo,
887 901 922 940 ac
942 879 1080 954 debebat,
1105 887 1234 946 tueretur,
1294 887 1295 924 l

222 979 349 1050 coleret,
369 977 534 1056 perliceret,
553 970 605 1033 sed
624 981 725 1030 eontra
742 987 797 1048 per
814 968 938 1046 speciem
958 966 1043 1025 lictae
1063 964 1236 1026 reformatio-

222 1067 266 1132 nis
284 1062 456 1141 importunis·
470 1055 639 1132 inducendis
658 1054 830 1116 novitatibus
844 1051 1037 1131 perturbaret,
1057 1049 1235 1116 convelleret,

222 1147 348 1207 funditus
366 1154 521 1206 everteret.

309 1247 382 1320 Quin
400 1247 488 1304 ctiam
506 1264 589 1322 quum
608 1255 639 1303 et
660 1245 776 1302 hortatu
795 1251 894 1300 nostro
913 1239 950 1298 ad
968 1237 1111 1319 synodu-
1129 1236 1234 1295 dioece-

222 1351 320 1393 sanam
337 1327 459 1390 animum
478 1326 666 1399 adiunxisset,
686 1327 850 1406 praefracta
871 1327 933 1386 eius
955 1327 984 1384 in
1006 1343 1059 1384 suo
1077 1341 1164 1384 sensu
1180 1338 1235 1400 per·

222 1418 329 1476 tinacia
348 1415 481 1474 ellectum
500 1423 557 1490 est,
577 1422 608 1471 ut
625 1411 702 1472 unde
719 1409 876 1471 remedium
894 1407 1011 1490 aliquod
1024 1409 1176 1468 uulnerum
1192 1424 1233 1484 pe·

172 1525 210 1568 mc
223 1501 339 1562 tendum
357 1510 431 1572 erat,
450 1496 517 1557 inde
536 1499 653 1576 gravior
670 1496 815 1576 pernicies
829 1505 1024 1555 enasceretur;
1071 1491 1150 1552 Saue
1167 1500 1234 1571 post·

222 1607 305 1667 quum
328 1584 454 1666 synodus
478 1583 551 1643 baec
570 1583 754 1642 Pistoriensis
777 1601 794 1640 e
818 1581 937 1641 latebris
959 1581 1067 1658 erupit,
1095 1580 1125 1638 iu
1148 1576 1234 1656 quibus

221 1669 394 1751 aliquamdiu
412 1669 510 1729 abdita
533 1667 658 1740 delituit,
681 1687 764 1726 nemo
783 1667 838 1725 fuit
855 1665 891 1725 de
909 1684 1016 1724 summa
1038 1665 1180 1742 religione
1196 1662 1233 1740 pic

221 1759 425 1835 sapienterque
439 1756 575 1826 sentiens,
595 1755 643 1834 qui
661 1773 719 1812 uon
739 1754 874 1812 contiuuo
893 1749 1061 1822 adverterit,
1084 1751 1140 1809 boc
1157 1749 1232 1808 tone

221 1851 370 1901 auctorum
398 1840 562 1911 consilium,
594 1849 625 1898 ut
643 1858 715 1919 quae
743 1849 828 1897 antea
853 1855 906 1916 per
933 1835 1108 1914 multiplices
1134 1833 1233 1894 libellos

221 1945 372 2007 pravarum
396 1923 590 1984 doctrinarum
613 1927 722 1984 semina
744 1933 922 2003 sparserant,
951 1941 986 1982 ca
1009 1924 1039 1980 in
1061 1940 1146 1980 unum
1168 1919 1233 1978 velut

122 2091 125 2094 Ι
223 2029 328 2090 corpus
342 2011 569 2090 compingerent,
583 2011 762 2090 proscriptos
777 2007 879 2068 dudum
894 2027 1010 2068 errores
1025 2008 1230 2072 exsuscitarent,

222 2097 404 2175 apostolicis,
429 2097 529 2174 quibus
551 2097 706 2177 proscripti
729 2107 807 2167 sunt,
830 2093 957 2154 decretis
979 2093 1064 2154 fidem
1089 2091 1232 2153 auctorita·

221 2191 335 2260 umque
354 2180 539 2258 derogarent.

225 2320 228 2324 ·
307 2300 386 2373 Quae
402 2321 485 2380 quum
505 2320 698 2372 cerneremus,
718 2321 773 2379 quo
792 2303 927 2378 graviora
945 2311 1010 2359 suut
1026 2319 1080 2378 per
1100 2320 1140 2370 se,
1162 2306 1230 2356 tanto

220 2386 374 2465 impensius
405 2385 558 2462 pastoralis
589 2395 705 2444 nostrae
733 2384 941 2444 sollicitudinis
960 2405 1043 2464 opem
1071 2385 1229 2462 efflagitare,
1294 2415 1295 2438 ι

220 2480 342 2528 mentem
367 2479 537 2527 convertere
561 2489 617 2527 non
641 2467 798 2526 distulimus
821 2469 858 2528 ad
881 2490 916 2529 ea
944 2469 1084 2548 capienda
1114 2467 1228 2532 consilia,
1294 2439 1295 2490 l

221 2571 293 2630 quae
312 2553 441 2628 surgenti
459 2551 533 2610 malo
551 2552 597 2611 vel
616 2551 758 2623 sanando,
781 2555 828 2612 vel
847 2552 1060 2634 comprimendo
1079 2570 1228 2613 accommo·
1294 2497 1295 2588 l

187 2631 334 2695 .datiora
350 2634 527 2706 viderentur.
589 2681 591 2686 .
1293 2661 1295 2726 y

144 2714 149 2719 ’
303 2719 399 2800 Atque
422 2723 452 2779 in
473 2722 572 2798 primis
594 2722 732 2799 sapientis
754 2725 854 2782 moniti
876 2743 1016 2782 memores
1033 2723 1228 2802 praedecesso·
1294 2739 1295 2776 ι

218 2806 259 2865 ris
277 2807 368 2865 nostri
386 2803 419 2863 Β.
438 2805 589 2882 Zosimi⁶)‚
613 2826 750 2898 cauquae
769 2819 962 2886 magnasunt,
982 2829 1114 2887 magnum
1131 2805 1228 2889 pondus
1294 2783 1295 2844 l

217 2890 357 2950 examinis
384 2888 566 2963 desiderare,
594 2889 733 2970 synodum
761 2893 796 2953 ab
826 2895 963 2973 episcopo
993 2893 1098 2954 editam
1121 2896 1226 2976 primun

218 2987 340 3054 quatuor
363 2977 520 3056 episcopis,
544 2977 663 3058 aliisque
686 2977 828 3038 adiunctis
851 2998 867 3038 e
892 2981 971 3040 clero
995 2981 1138 3040 saeculari
1156 2980 1226 3038 tbeo·
1294 3023 1295 3042 ι

217 3060 292 3138 logis
311 3059 526 3120 examinandam
546 3063 745 3136 commisimus3
765 3074 822 3123 tum
842 3075 872 3123 et
888 3066 1009 3143 plurium
1030 3063 1059 3124 S.
1071 3061 1105 3124 lt.
1117 3065 1151 3123 li.
1171 3080 1226 3122 oar·
1294 3051 1295 3118 l

217 3141 367 3216 dinalinm,
390 3147 567 3225 allorumque
591 3149 794 3227 episcoporum
814 3153 1072 3227 congregationem
1092 3147 1226 3229 deputavi·

216 3246 291 3327 mus,
315 3231 361 3307 q'ui
379 3239 468 3290 totam
487 3241 615 3290 actorum
634 3235 738 3292 seriem
757 3232 911 3313 diligenter
929 3235 1152 3314 perpenderent,
1171 3233 1225 3292 loca
1294 3279 1295 3302 ,

136 3379 139 3383 ⁸
214 3321 293 3372 inter
315 3323 347 3372 se
370 3310 469 3374 dissita
494 3316 673 3390 conferrent,
698 3331 853 3399 excerptas
874 3320 1031 3380 sententias
1051 3321 1222 3380 discuterent.
1294 3309 1295 3388 ᾖ

215 3395 341 3470 Quorum
360 3398 495 3478 suffragia
515 3420 613 3460 coram
632 3401 715 3462 nobis
736 3423 825 3476 voce,
849 3416 879 3464 et
896 3407 1004 3484 scripto
1024 3405 1102 3465 edita
1119 3400 1223 3480 excepi·

213 3499 285 3559 mus3
305 3485 353 3562 qui
371 3493 401 3542 et
419 3483 557 3562 synodum
575 3487 707 3547 universe
726 3489 944 3568 reprobandam,
968 3503 998 3550 et
1014 3493 1149 3570 plurimas
1164 3483 1221 3546 inde

212 3565 354 3624 collectas
376 3570 602 3647 propositiones,
626 3573 697 3631 alias
721 3570 834 3654 quidem
854 3594 909 3654 per
930 3595 1008 3647 sese,
1033 3577 1103 3635 alias
1125 3579 1222 3633 attenta

125 3689 130 3705 ι-
212 3651 418 3709 sententiarum
442 3656 622 3714 connexione
644 3657 707 3735 plus
730 3660 855 3718 minusve
879 3660 993 3720 acribus
1016 3661 1142 3721 censuris
1162 3673 1220 3738 pet·
1294 3653 1295 3662 ¹

248 3875 271 3928 6)
281 3873 307 3918 S.
316 3873 422 3924 Zosimus
433 3890 469 3931 ep.
480 3879 513 3922 11.
524 3885 585 3936 apud
595 3884 676 3934 eoum
796 3867 799 3872 .
