2654 4330
153 235 297 296 snssro
314 235 381 292 xv.
399 235 516 292 stur.
535 233 659 290 noun.
676 234 769 290 utar.
787 231 997 308 reornsr.
1043 225 1100 296 u

77 375 218 441 redeundo
232 373 347 456 clipuod
362 389 489 448 enerme,
507 374 583 456 quod
597 376 686 448 utun,
705 379 820 456 egerint
831 387 882 436 aut
895 378 1098 449 commiserint,

79 485 129 544 quo
149 473 249 543 posset
270 463 353 521 huius
376 461 442 522 lidei
469 463 601 541 pulnlicac
625 473 659 530 et
685 463 907 522 assecurationis
928 463 1099 526 beneficium

77 548 169 608 uiolari
194 558 245 608 aut
266 565 380 628 quoquo
402 546 490 606 modo
511 547 589 618 tolli,
616 549 645 606 in
663 546 824 606 huiusmodi
846 548 976 608 humore
991 548 1100 628 ‘depre-

78 633 151 694 hensi
177 633 213 693 ab
241 635 304 712 ipsa
330 631 441 712 synodo
469 631 622 704 duumat,
648 643 679 692 et
703 653 761 691 nan
788 632 823 691 ah
849 633 928 704 aliis,
956 633 1100 712 condigna

77 718 317 779 animadversione
335 729 366 777 et
382 716 504 778 emenda
521 717 686 790 sufficienti,
713 737 767 798 per
788 729 898 797 partem
922 718 1100 780 dominorum

79 803 277 866 Germanorum
295 805 482 882 Augustusne
506 805 708 875 conlusmouis,
737 814 804 862 tunc
827 804 875 862 hic
897 806 1100 883 praesentium,

79 891 173 950 merito
193 888 338 964 laudanda
355 899 386 948 et
403 886 602 967 approbanda,
622 909 688 947 mou
705 891 871 968 puniantur,
891 892 1036 968 praesenti
1055 909 1101 950 aa·
1135 962 1136 966 Ἰ

76 977 261 1036 accuratioris
278 976 380 1046 forma,
400 973 613 1034 conditionibus
631 984 663 1033 et
679 973 771 1034 modis
790 975 903 1033 omnino
923 975 1101 1040 manentibus

77 1061 194 1120 illibatis.
222 1061 295 1120 Vult
311 1070 465 1139 praetcrea
483 1061 545 1138 ipsa
562 1057 698 1137 synodus,
718 1059 793 1138 quod
812 1061 901 1137 liceat
918 1063 986 1141 ipsis
1003 1061 1101 1122 amba·
1114 1076 1154 1122 tat

79 1147 242 1205 sciatoriltns
263 1146 393 1204 ornuiltus
411 1155 442 1204 et
459 1144 579 1224 singulis
596 1146 693 1216 toties,
713 1147 939 1224 quotiescunque
963 1158 1101 1226 opportu-

78 1250 134 1290 num
155 1233 244 1291 luerit
270 1251 321 1291 seu
348 1231 555 1301 necessarium,
583 1228 620 1288 ad
646 1249 743 1289 auram
772 1230 939 1312 capiendam
961 1234 1041 1292 exire
1065 1232 1101 1292 de

79 1318 183 1376 civitate
201 1315 386 1387 Tridentino,
415 1325 445 1374 ct
463 1318 570 1376 reverti
589 1313 625 1374 ad
649 1313 783 1388 eandem,
811 1335 866 1376 nec
888 1337 946 1375 uon
968 1320 1100 1376 nuncium

79 1403 119 1459 vel
136 1403 255 1461 nuncios
274 1421 341 1460 suns
359 1399 396 1460 ad
416 1419 601 1480 quaecuuque
625 1400 689 1460 locu
708 1421 761 1482 pro
784 1403 842 1460 suis
860 1404 1033 1462 necessariis
1051 1423 1101 1462 ue-

79 1488 155 1562 gotiis
173 1487 341 1547 ordinandis
360 1485 451 1546 libere
469 1488 583 1546 mittere
601 1505 653 1546 seu
671 1483 833 1558 destinare,
852 1505 886 1547 ao
905 1489 983 1566 ipsos
1001 1490 1102 1548 missos

80 1589 123 1628 seu
147 1571 324 1645 destinatos,
354 1592 405 1632 seu
432 1572 545 1632 missum
574 1583 605 1632 et
631 1571 801 1633 destinatum
829 1575 976 1652 suscipere
1004 1575 1101 1644 toties,

81 1659 180 1733 quoties
198 1661 240 1718 cis
261 1657 405 1718 videbitur
422 1656 575 1736 expedir03
603 1659 644 1717 ita
663 1656 739 1738 quod
756 1658 846 1736 aliqui
863 1659 909 1717 vel
928 1658 1030 1737 aliquis
1048 1677 1102 1738 per

81 1738 247 1820 deputandos
267 1744 385 1802 concilii
403 1745 560 1814 socientur,
580 1744 627 1821 qui
646 1762 744 1802 cortun
764 1744 912 1802 securitati
929 1743 1102 1822 provideant
1142 1801 1146 1807 .

80 1826 117 1884 vel
134 1827 292 1907 provideat.
322 1827 375 1902 Qui
395 1827 506 1908 quidem
526 1829 620 1888 salvus
638 1827 798 1888 conductus
817 1838 847 1886 et
864 1829 1004 1887 securitas
1023 1841 1101 1888 stare

79 1927 109 1969 ac
125 1911 225 1975 durare
244 1914 352 1974 doleat
370 1925 400 1974 et
417 1934 434 1974 a
453 1924 597 1992 tempore,
622 1923 653 1972 ot
669 1933 723 1992 per
740 1923 865 1991 tempus,
889 1933 944 1991 qno
964 1913 993 1972 in
1011 1915 1102 1993 ipsius

80 1998 170 2074 synodi
193 2011 224 2061 et
246 2019 362 2060 suorum
387 2000 515 2060 tuitionis
534 2017 630 2058 curam
653 1999 731 2078 ipsos
758 1999 865 2077 suscipi
888 1999 1045 2076 contigerit
1071 2009 1102 2058 et
1124 2043 1127 2055 ,

80 2099 159 2162 usque
171 2084 207 2146 ud
216 2085 383 2147 Tridentum
402 2083 532 2167 perduci,
551 2101 586 2144 ac
604 2095 667 2144 tote
682 2094 811 2164 tempore
830 2084 984 2144 mansionis
1002 2103 1101 2144 eorum

80 2166 185 2244 ibidem,
203 2184 234 2232 et
252 2191 364 2232 rursum
381 2181 448 2251 post
469 2170 656 2232 sufficientem
674 2169 847 2230 audientiam
870 2169 1011 2243 habitam,
1036 2191 1102 2251 spa-

80 2253 115 2309 tio
134 2257 231 2334 viginti
251 2256 363 2318 dierum
385 2258 558 2337 praemisso,
578 2272 661 2336 quum
679 2257 734 2335 ipsi
757 2256 907 2335 petierint,
931 2267 981 2316 aut
1002 2259 1103 2318 couci·

80 2336 138 2398 lium
154 2341 249 2404 tutin
268 2342 428 2402 huiusmodi
442 2341 589 2402 audientia
603 2343 673 2421 ipsis
686 2360 831 2402 recessum
846 2340 992 2413 indixerit,
1011 2342 1102 2401 u'l'ri·

80 2419 156 2483 lanto
179 2448 267 2509 usque
290 2431 319 2488 in
343 2447 425 2508 quem
448 2429 566 2508 quisquc
589 2429 714 2506 elegerit
735 2427 789 2487 silti
813 2428 907 2486 locum
930 2437 1019 2488 tuturn
1038 2427 1101 2486 Deo

83 2507 184 2572 iouente
200 2517 348 2587 restituet,
372 2513 440 2574 dolo
462 2523 494 2573 et
510 2511 612 2574 fraude
630 2531 748 2592 prorsus
766 2513 900 2575 exclusis.
943 2511 1022 2586 Quae
1041 2533 1104 2592 qun·

82 2591 137 2653 dem
162 2603 256 2660 omnia
282 2620 335 2680 pro
362 2601 501 2660 universis
528 2610 559 2659 ct
585 2599 704 2677 siugulis
731 2598 839 2658 Christi
866 2597 1016 2670 fidelibus,
1030 2613 1034 2618 ·
1047 2619 1102 2677 pro

82 2682 196 2744 omnibns
213 2685 390 2766 principibus
413 2697 471 2745 tum
489 2685 697 2746 ecclesiasticis
716 2704 797 2763 quam
822 2683 1017 2744 saecularibus
1041 2686 1103 2762 qui-

83 2760 245 2850 buscunque,
273 2781 358 2850 atque
382 2770 511 2830 omnibus
532 2771 596 2830 aliis
619 2771 827 2830 ecclesiasticis
849 2779 880 2829 ot
906 2770 1103 2830 saecularibus

84 2851 208 2928 personis,
228 2858 422 2936 cuiuscunque
441 2866 531 2916 status
549 2867 580 2916 ct
598 2854 772 2916 conditionis
790 2857 940 2927 exsistant,
959 2865 1009 2914 aut
1028 2875 1101 2934 quo-

86 2949 180 3014 eunque
198 2945 312 3002 nomine
331 2952 512 3014 censeantur,
531 2942 735 3002 iuviolabiliter
753 2939 933 3000 observanda
950 2958 1014 3000 esse
1032 2959 1102 3019 pro-

79 3020 157 3081 mittit
174 3037 203 3085 et
211 3022 354 3087 boua'iidc
365 3027 497 3107 spondet
524 3027 645 3106 lusuper
656 3024 843 3088 omuiiraude
859 3024 1104 3086 etdoloeuclusis·

84 3119 143 3163 vera
154 3120 183 3168 ct
194 3112 271 3173 hona
285 3113 342 3174 lide
355 3115 507 3193 promittit,
523 3115 612 3192 ipsam
626 3111 764 3194 synodum
779 3112 883 3171 nullam
893 3111 939 3170 vol
949 3112 1102 3172 manifeste

85 3189 122 3246 rcl
134 3199 242 3259 coemto
258 3202 439 3260 occasionem
455 3200 660 3278 quaesituram,
679 3209 729 3259 aut
741 3198 835 3276 aliqua
850 3200 1034 3269 auctoritate,
1048 3219 1102 3277 po-

85 3277 1101 3368 tutatorevctscacoto,privttegiologomvotcanonumootqoornm-

87 3373 182 3440 umque
196 3372 392 3443 conciliorum,
407 3373 578 3450 praesertim
593 3369 820 3432 constantiensis
835 3381 865 3429 et
875 3368 1020 3441 Senensis,
1032 3389 1100 3448 qun·
1153 3421 1160 3434 ,

88 3457 182 3526 cunque
191 3455 282 3516 lorma
294 3457 447 3517 verborum
457 3473 603 3536 expressa,
620 3459 648 3516 iu
659 3455 775 3536 aliquod
789 3456 871 3516 huius
886 3455 954 3518 lidei
967 3456 1100 3536 publicae
1230 3530 1233 3538 ,

84 3533 290 3623 {trimisium
307 3542 539 3614 assecurationis,
551 3562 586 3602 ae
604 3542 736 3622 publicae
755 3553 786 3601 et
804 3541 1098 3613 liberaeaudicutiac,
1115 3567 1155 3609 nro

84 3615 148 3688 ''lilt
162 3633 213 3700 per
228 3628 316 3706 ἰμιιιι
334 3627 472 3708 synodum
492 3647 659 3701 contusae,
677 3626 882 3708 praeiudicium
897 3631 1000 3707 quevis-
1014 3627 1099 3686 modo

87 3709 201 3782 umnam,
222 3724 271 3772 aut
288 3733 454 3794 quenquam
472 3715 514 3776 uti
529 3717 747 3796 permissuram,
771 3713 870 3792 quibus
892 3715 922 3773 iu
940 3715 994 3774 huc
1016 3723 1098 3793 parte

88 3797 132 3855 pro
153 3789 287 3859 tanuen
310 3799 443 3879 derogat.
486 3799 569 3874 Quod
591 3801 616 3860 si
639 3798 899 3879 sanctasynodus,
929 3810 978 3859 aut
999 3800 1100 3876 aliquis

86 3881 121 3953 ,ΨΧ
136 3891 167 3934 tt
181 3884 225 3943 vel
242 3888 313 3960 suis,
342 3888 534 3968 cuiuscumque
559 3885 745 3961 conditionis,
772 3885 818 3944 vel
831 3895 930 3962 ¹status
948 3896 997 3944 aut
1015 3903 1099 3963 prae-
