2654 4334
195 230 273 310 aaa
364 217 369 230 '
452 221 614 278 nouos
640 220 805 286 renem
832 218 893 272 ru
915 186 967 274 r'v.

195 369 297 430 Putris
314 375 345 426 et
361 365 598 428 domuitionem·
611 363 734 422 Dnmlm'
747 363 809 432 Pii,
828 360 931 422 debinc
943 359 1138 439 prouidentia
1160 362 1225 420 Pu·
1312 411 1313 440 ,

193 473 261 532 poe
270 453 337 524 W,
357 469 435 511 anno
448 452 485 510 V.
503 451 719 526 retroscriptue
731 448 838 508 literne
847 443 966 523 offiano,
977 447 1074 504 leetoe
1085 445 1225 525 etpubli·

196 549 284 598 coloe
305 538 435 617 suerunt
456 539 487 596 in
511 535 604 595 ociosi
625 534 814 594 basilicarum
839 532 987 610 principis
1009 531 1223 609 Apostolorum

197 627 234 683 de
260 622 353 696 Urbe,
387 631 420 682 et
438 622 538 682 suncti
557 621 679 680 louunia
701 619 843 678 miuron.
864 637 919 677 oec
936 638 994 680 uon
1015 617 1226 678 Concelloriue

196 709 395 788 apostolicae,
423 717 456 766 et
480 709 512 766 in
539 707 609 764 uct'e‘
633 704 737 782 Compi
757 704 876 763 Florae.
920 704 980 764 Per
1004 721 1059 762 nos
1085 701 1226 762 Iacobum

196 797 309 865 Curru,
341 803 375 853 et
403 792 509 852 lulium
534 792 688 860 Particum,
715 788 895 867 praelibati,
912 789 945 849 S.
972 790 1009 848 lt.
1037 788 1076 846 Ν.
1105 788 1225 866 Papae,

195 898 343 939 cursores.
654 949 657 955 .

231 974 238 988 ·
567 959 710 1020 Antonius
729 959 879 1029 Clerici,
898 957 1039 1036 Magister
1057 958 1225 1018 Corsorum.

603 1139 674 1148 —w
687 1141 750 1148 ....---
763 1139 814 1148 „—

466 1264 645 1322 MTUS
674 1263 953 1320 Pitumnus

197 1376 237 1450 S.
273 1376 321 1449 D.
358 1374 403 1449 N.
439 1373 487 1450 D,
523 1372 615 1466 PII,
654 1371 837 1446 DIVINA
870 1369 1227 1448 PROVIDENTIA

515 1501 670 1566 PAPAE
704 1500 907 1577 QUARTI.

196 1643 348 1706 disputantur
361 1645 415 1684 octo
429 1636 570 1705 cardinales,
581 1636 718 1693 qniieciant
728 1636 847 1702 observari
861 1637 1042 1702 constitutiones
1057 1642 1081 1680 et
1095 1636 1227 1702 ordinatio:

236 1707 277 1736 neu
287 1705 301 1734 ι
309 1693 353 1736 Pro
364 1689 406 1736 tv.
417 1691 506 1742 editas,
525 1703 624 1734 necnon
634 1691 730 1732 decreta
739 1699 800 1732 sacro
811 1687 955 1732 oecumenici
965 1691 990 1731 at
999 1685 1119 1742 generales
1129 1687 1227 1731 concolor

235 1743 381 1787 Tridentini.

582 1800 662 1847 Pius
680 1799 768 1846 Pars
792 1799 839 1848 tv.

279 1902 361 1963 dioto
383 1904 516 1982 proprio,
543 1913 601 1962 eto.
641 1900 723 1961 Alias
752 1920 804 1959 nos
828 1901 978 1960 nonnullas
1002 1902 1227 1960 constitutiones

196 1999 227 2049 et
245 1987 456 2059 ordinationes,
484 1989 718 2047 reformationem
741 1986 858 2046 maioris
881 1987 1097 2065 poenitentiarii
1121 2005 1156 2046 ac
1179 2005 1228 2046 sa-

197 2093 265 2135 crae
284 2073 525 2154 poenitentiarios
544 2084 675 2144 nostrae,
695 2091 730 2131 ac
747 2073 849 2133 vicarii
868 2072 974 2144 nostri,
993 2091 1027 2132 nc
1046 2073 1109 2133 eius
1128 2071 1226 2144 officii,

196 2179 327 2220 necnon
346 2160 498 2219 camerarii
517 2170 547 2218 et
565 2177 697 2218 camerae
717 2158 906 2236 apostolicae,
925 2177 960 2217 nc
978 2158 1054 2217 illios
1074 2175 1225 2218 cansarum
1317 2199 1318 2226 ,

126 2301 130 2311 ,
196 2243 350 2316 auditoris,
375 2263 429 2304 nec
454 2263 511 2303 non
529 2245 627 2324 palatii
646 2244 799 2322 apostolici
818 2263 968 2302 causarum
986 2242 1165 2316 auditorum,
1190 2262 1226 2304 ac
1317 2279 1318 2282 =

197 2330 399 2409 gubernatoris
417 2339 448 2390 et
466 2330 640 2408 capitolinae
664 2329 821 2400 curiarum,
840 2340 871 2388 et
889 2328 1133 2392 conmadiatarnrn
1151 2330 1226 2390 alio·

196 2435 314 2494 rumque
337 2416 429 2476 almae
453 2414 538 2474 Urbis
560 2425 677 2474 nostrae
694 2434 730 2474 ac
754 2413 899 2476 Romanae
923 2416 1022 2475 curiae
1041 2415 1225 2476 tribunalium

195 2511 226 2560 et
244 2499 401 2559 officiorum
420 2509 631 2559 concernentes
649 2498 799 2571 edidimus,
819 2519 891 2580 quae
911 2511 1006 2562 tamen
1026 2501 1226 2574 (utintellexi

195 2590 268 2658 mus)
291 2584 327 2644 ab
346 2583 504 2644 eorundem
523 2583 680 2645 officiorum
699 2595 729 2646 et
746 2585 929 2649 tribunalium
947 2587 1160 2665 praefectione
1181 2587 1225 2646 oi·

195 2670 336 2729 licialibns
359 2671 449 2730 minus
473 2667 628 2749 diligenter
650 2670 847 2732 observantur.
893 2671 983 2745 Quum
1006 2681 1100 2731 autem
1120 2673 1224 2732 enixae

195 2765 312 2816 nostrae
330 2755 484 2816 voluntatis
500 2757 551 2828 sit,
570 2767 601 2816 ut
618 2757 677 2830 illa,
696 2766 726 2817 et
742 2759 853 2836 pariter
869 2755 990 2817 decreta
1007 2757 1084 2818 sacri
1104 2757 1224 2818 concilii
1290 2827 1295 2842 ι
1316 2767 1317 2770 ’

194 2841 366 2914 Tridentini,
384 2842 414 2901 in
432 2843 490 2914 bis,
510 2861 582 2922 qnae
601 2841 638 2902 ad
656 2862 755 2902 eornm
775 2842 867 2903 officia
887 2853 1034 2922 spectant,
1058 2842 1095 2902 ab
1114 2841 1224 2904 eisdem
1285 2837 1288 2842 ’

196 2930 311 2987 omnino
321 2927 524 2988 observentur:
543 2928 606 2990 Nos
624 2939 781 3008 propterea
795 2927 1021 2999 considerantes,
1040 2947 1141 3008 parurn
1159 2947 1223 2990 esst

195 3015 258 3074 iura
276 3011 450 3085 concedere,
469 3013 523 3072 nisi
541 3015 599 3074 sint
616 3015 665 3093 qui
683 3034 719 3074 ea
729 3014 909 3075 exsecutioni
927 3012 1222 3086 demaudmiiaciant,

195 3108 226 3157 et
242 3100 271 3156 in
290 3099 468 3178 praemissis,
491 3110 577 3177 prout
595 3118 633 3159 ex
655 3097 754 3160 debito
772 3100 925 3178 pastoralis
943 3098 1029 3160 officii
1047 3098 1131 3160 nobis
1151 3106 1223 3175 (use-

195 3183 258 3242 ritis
276 3183 347 3244 lieet
363 3184 530 3263 imparibus)
552 3186 672 3246 iniuncti
695 3185 869 3264 obligamur,
892 3183 1048 3245 salubriter
1065 3189 1097 3246 et
1112 3185 1223 3246 utiliter

142 3292 185 3337 ω
195 3267 363 3348 providere,
382 3269 585 3349 praefataeque
604 3272 824 3332 constitutiones
847 3280 877 3330 et
894 3268 1095 3332 ordinationes
1116 3290 1153 3331 ac
1171 3268 1221 3330 de·

196 3365 278 3415 creta
295 3354 421 3427 concilii,
441 3374 510 3434 quas
528 3365 559 3416 et
576 3375 650 3434 quae
667 3357 715 3417 bio
733 3356 834 3416 baberi
851 3356 980 3419 volumus
998 3376 1051 3436 pro
1066 3357 1221 3437 expressis,

71 3514 77 3524 Ι
194 3440 400 3500 inviolabiliter
414 3439 563 3500 observari
576 3439 722 3502 volentes:
739 3440 899 3502 venerabili
916 3442 1000 3501 iratri
1010 3453 1110 3502 nostro
1121 3441 1221 3501 ioanni

195 3521 335 3604 episcopo
357 3525 511 3585 Tusculan.
529 3523 664 3598 biorono,
688 3526 730 3587 lo.
749 3526 888 3588 biicbaeli
906 3524 1031 3588 Sanctae
1049 3527 1220 3587 Anmtasiao

195 3607 360 3681 Saracena,
388 3630 423 3670 ac
446 3610 496 3672 lo..
511 3610 658 3692 Baptistae
682 3609 714 3672 S.
738 3612 894 3673 Clementis
912 3611 1057 3685 Cicadac,
1085 3631 1141 3674 uec
1165 3631 1221 3672 non

194 3692 332 3755 Micbaeii
350 3691 381 3753 S.
402 3691 527 3755 Sabinae
545 3695 753 3771 Alexandrino,
772 3697 915 3760 Clementi
933 3695 965 3758 S.
982 3697 1094 3760 Mariae
1112 3699 1143 3756 in
1160 3696 1220 3758 Ara

195 3778 287 3848 coeli,
322 3777 471 3838 Ludovico
497 3783 591 3842 saneti
618 3781 735 3862 cyriaci
765 3783 795 3842 in
821 3783 953 3844 Thermis
971 3782 1153 3856 Simonetae,
1185 3803 1220 3843 ac

194 3861 302 3922 Garum
330 3860 431 3921 Sancti
453 3861 570 3924 Martini
597 3868 626 3926 in
653 3867 799 3928 Montibus
821 3867 999 3929 Rorromaeo
1027 3868 1219 3948 presbyteris,
