2652 4330
342 171 346 206 i

263 249 421 310 snssro
445 248 492 304 vr.
516 225 584 302 'us
608 247 902 304 rusrrrrcnr.
1048 251 1102 306 ιο

78 391 219 461 inhaeret,
247 385 321 448 unde
344 390 373 447 in
391 389 453 468 ipsa
471 388 675 448 iustificatione
695 409 758 448 cum
776 390 944 449 remissione
963 399 1102 467 pcccato-

81 496 135 534 rum
156 475 228 534 haec
252 476 346 533 omnia
371 474 453 533 simul
476 475 569 536 iniusa
592 475 700 553 accipit
722 474 808 533 homo
831 493 884 554 per
907 473 998 534 lesum
1018 474 1104 534 Chri-

81 571 160 632 stum,
180 562 226 620 cui
244 561 394 631 inseritur,
415 559 515 632 iidem,
535 579 613 639 spem
632 570 663 619 et
681 560 840 618 caritatem.
885 558 958 618 Nam
978 557 1103 636 hdes1),

80 648 128 704 nisi
144 645 180 704 ad
199 666 263 706 eam
281 665 347 724 spos
366 644 490 705 accedat
507 657 537 704 et
555 648 676 716 caritas,
699 663 792 723 neque
812 645 873 702 uuit
890 646 1021 722 perfecte
1041 663 1105 704 cum

81 731 197 803 Christo,
217 750 311 810 neque
331 734 463 810 corporis
481 733 543 791 eius
561 725 823 793 vivum'momhrum
843 727 940 790 efficit.
978 730 1040 803 Qua
1058 749 1106 790 ra-

81 817 152 874 tione
170 819 317 874 verissimo
336 815 455 884 dicitur,
481 816 565 876 fidem
584 819 645 876 sine
666 816 800 895 operibus
822 826 962 876 mortuam
982 825 1012 873 et
1031 817 1107 875 otio·

79 920 131 958 sam
149 919 213 960 esse
227 903 271 975 ²),
299 908 330 957 ct
352 902 379 956 in
400 898 515 956 Christo
535 898 600 956 Iesu
619 915 711 975 neque
731 902 981 959 circumcisionem
999 898 1105 978 aliquid

79 986 183 1058 ualere,
212 1003 305 1063 neque
328 984 507 1062 praeputium
521 983 565 1055 3),
593 980 645 1041 sed
664 980 763 1053 iidem,
792 1002 864 1062 quae
883 1003 937 1063 per
955 987 1105 1044 caritatem
1127 1004 1151 1068 it

80 1082 219 1150 operatur.
258 1069 338 1128 Hanc
357 1066 443 1127 fidem
461 1079 528 1126 ante
546 1067 680 1146 baptismi
698 1079 909 1128 sacramentum
928 1065 1107 1149 cx‘dip'o'stii:

78 1141 338 1216 iorirfffraditione
358 1153 558 1213 catechumeni
577 1153 613 1212 ah
633 1152 760 1212 ecclesia
775 1164 885 1233 potunt,
906 1174 989 1234 quum
1005 1165 1107 1234 petunt

79 1240 166 1311 fidem,
185 1241 272 1300 vitam
291 1249 437 1297 aeternam
456 1248 664 1318 praestantem
685 1258 767 1317 quam
786 1241 847 1298 sine
867 1259 917 1319 spe
937 1250 967 1298 et
983 1243 1106 1300 caritate

78 1334 221 1402 praestare
245 1322 316 1383 fides
339 1343 396 1381 non
419 1334 525 1403 potest.
576 1322 658 1383 Unde
686 1334 717 1383 et
739 1326 834 1383 statim
856 1325 974 1384 verhum
999 1326 1105 1385 Christi

76 1408 190 1468 ,audiunt
202 1412 249 1484 ⁴):
268 1410 305 1468 Si
320 1411 363 1467 uc's
382 1411 422 1468 ad
438 1412 528 1470 vitam
547 1411 681 1486 digredi,
700 1428 786 1468 serva
804 1412 956 1470 mandatu.
1004 1410 1105 1491 ltaque

77 1513 167 1554 reram
191 1506 223 1554 et
237 1494 431 1553 Christianam
454 1495 589 1553 iustitiam
613 1495 804 1573 accipientes,
833 1514 896 1554 eam
916 1514 969 1555 ceu
986 1500 1106 1576 primam

78 1580 174 1639 stolam
188 1582 216 1655 ⁵)
241 1599 294 1658 pro
318 1580 380 1650 iiia,
409 1599 491 1658 quam
508 1577 602 1638 Adam
620 1599 670 1639 sua
688 1578 886 1640 inobedientia
903 1580 957 1640 sihi
976 1591 1006 1640 et
1023 1581 1106 1640 nohis

78 1664 213 1743 perdidit,
240 1685 295 1744 per
311 1665 454 1724 Christum
474 1665 565 1724 Iesum
584 1665 640 1725 illis
659 1665 807 1738 donatam,
836 1664 987 1726 candidam
1006 1677 1036 1728 et
1053 1669 1141 1726 im·ao

78 1751 242 1811 maculatam
264 1751 399 1810 iubentur
421 1753 515 1811 statim
538 1753 632 1809 renati
657 1770 844 1826 conservare,
872 1764 904 1811 ut
926 1771 988 1812 cam
1007 1754 1105 1833 perie-

78 1846 137 1895 rant
159 1848 227 1895 ante
252 1837 376 1895 tribunal
395 1835 509 1894 Domini
532 1837 622 1894 nostri
641 1835 706 1895 lesu
725 1835 845 1908 Christi,
874 1847 904 1895 ct
921 1836 1046 1898 haheant
1062 1841 1105 1899 ri·

79 1931 129 1980 tam
151 1933 311 1981 aeternam.

129 2063 157 2108 C.
177 2061 244 2106 viil.
258 2052 262 2060 '
275 2059 332 2118 Quo
351 2058 424 2105 ηιοιὶο
442 2058 618 2120 intelligatur,
639 2059 741 2118 r'nrpium
754 2071 805 2119 por
814 2055 897 2118 fidem
915 2065 944 2106 et
959 2063 1047 2121 grotta

515 2128 581 2175 tucn·
600 2129 667 2172 cari.

161 2214 252 2287 Quum
280 2233 350 2272 vero
373 2213 530 2293 Apostolus
553 2209 625 2270 dicit
637 2209 681 2287 ⁰),
714 2213 863 2273 iustificari
887 2213 1030 2274 hominem
1053 2235 1108 2294 per

83 2297 159 2358 hdem
179 2309 210 2358 et
227 2300 332 2377 gratis,
353 2317 388 2356 ea
405 2297 493 2359 verba
512 2300 540 2356 in
559 2316 595 2356 eo
614 2317 698 2358 sensu
717 2297 905 2378 intelligenda
919 2309 998 2369 sunt,
1023 2319 1106 2379 quem

80 2395 228 2463 perpetuus
252 2385 395 2444 ecciesiae
420 2384 581 2442 catholicae
606 2403 763 2443 consensus
787 2387 879 2443 tenuit
897 2394 928 2443 et
945 2386 1105 2462 expressit3

79 2479 108 2526 ut
127 2472 240 2529 sciiicet
260 2489 315 2549 per
337 2467 421 2528 fidem
445 2466 512 2528 ideo
536 2469 685 2528 iustificari
708 2468 852 2541 dicamur,
881 2471 946 2548 quia
971 2468 1042 2528 fides
1062 2481 1123 2536 esti

81 2553 211 2616 humanae
230 2556 330 2614 salutis
349 2556 472 2626 initium,
496 2552 708 2613 fundamentum
728 2565 758 2614 et
780 2553 864 2614 radix
887 2556 978 2612 omnis
1002 2555 1121 2612 iustifi-'

82 2643 210 2713 cationis,
236 2642 370 2718 sinequa
389 2639 564 2719 impossihile
584 2649 629 2698 est
646 2641 763 2718 placere
782 2639 845 2700 Deo
859 2639 904 2711 ⁷),
928 2651 958 2699 et
976 2638 1013 2698 ad
1031 2640 1107 2698 filio·

84 2743 138 2784 mm
161 2727 222 2786 eius
247 2727 421 2785 consortium
445 2725 612 2804 pervenire,
639 2727 730 2803 gratis
753 2736 848 2786 autem
871 2725 1020 2784 iustificari
1038 2723 1122 2784 ideon

83 2807 215 2884 dicamur,
245 2813 310 2890 quia
333 2812 402 2870 nihii
425 2831 537 2882 corum,
567 2830 639 2890 quae
662 2811 894 2870 iustificationem
917 2809 1105 2890 praecedunt,

80 2895 135 2955 sive
153 2896 224 2958 fidos
244 2899 303 2956 sive
323 2916 422 2975 opera,
441 2898 530 2974 ipsam
548 2896 760 2955 iustificationis
779 2898 899 2977 gratiam
914 2906 1106 2976 promeretur,

80 2979 115 3038 Si
128 2985 201 3043 enain
214 2983 318 3062 gratia
334 2993 380 3041 cst
391 2984 431 3055 ⁸),
450 2984 508 3040 iam
523 3001 581 3039 raon
596 3001 635 3039 em
650 2977 804 3057 opera'bas3
823 2979 966 3054 alioquin,
985 2989 1016 3037 ut
1030 2977 1106 3037 idem

81 3062 230 3144 Apostolus
249 3069 349 3146 inquit,
367 3068 472 3144 gratia
492 3068 549 3123 iam
568 3086 628 3124 non
648 3073 695 3122 est
707 3063 823 3141 gratio.

251 3207 279 3254 C.
294 3206 338 3252 IX.
363 3205 579 3252 comminarem
592 3199 927 3261 haereticorumfidueiam.

163 3289 294 3364 Quamvis
317 3300 410 3350 autem
434 3288 627 3349 necessarium
651 3289 689 3346 sit
711 3284 846 3358 credere,
876 3305 968 3365 neque
986 3287 1103 3358 remitti,

84 3391 169 3453 neque
187 3378 303 3436 remissa
325 3395 445 3454 unquam
464 3376 552 3434 fuisse
570 3382 706 3453 peccata,
727 3375 780 3433 nisi
799 3375 888 3452 gratis
907 3371 1003 3433 divina
1022 3373 1108 3432 mise·

84 3458 205 3520 ricordia
223 3471 343 3541 propter
362 3461 518 3521 Christum:
547 3461 651 3519 nemini
674 3469 768 3532 tamen
788 3458 919 3518 fiduciam
939 3469 969 3519 et
987 3461 1106 3520 certitu-

85 3539 173 3606 dinem
196 3547 372 3607 remissionis
395 3557 581 3625 peocatorum
605 3565 719 3605 suorum
742 3546 860 3604 iactanti
884 3555 914 3605 et
935 3547 963 3604 in
987 3564 1023 3604 ea
1045 3547 1108 3603 sota

89 3630 238 3704 quiescenti
256 3643 379 3711 peccata
396 3631 498 3691 dimitti
516 3630 561 3690 vei
577 3629 691 3690 dimissa
705 3649 770 3690 esse
785 3629 936 3690 dicendum
951 3641 1004 3703 est,
1024 3648 1108 3707 quum

93 3753 295 3771 *Q*

135 3811 210 3856 Son.
225 3815 267 3860 VI.
292 3818 314 3869 i)
324 3815 354 3859 ci.
365 3815 427 3859 infra
437 3831 457 3860 c.
468 3819 501 3860 1⁰.
515 3839 541 3850 -
553 3818 575 3868 2)
585 3815 634 3859 Iac.
644 3813 677 3859 11.
688 3817 720 3859 tt.
730 3817 763 3858 20.
777 3840 803 3850 -
817 3819 838 3870 ³)
849 3815 902 3860 (iai.
913 3815 941 3858 V.
952 3818 972 3858 o.
987 3815 1029 3856 Vi.
1041 3820 1072 3858 15.
1082 3839 1111 3848 -

86 3859 111 3962 3}
119 3861 283 3961 1ΒὶΙίοιιιιιΙιΧίἰῐσΧ
295 3871 327 3910 Π.
346 3891 371 3901 -
388 3869 411 3922 t)
426 3867 481 3912 Luc.
497 3865 550 3910 XV.
561 3869 595 3910 Ὦ.
613 3889 638 3901 -
656 3868 679 3920 t)
693 3867 757 3910 Rom.
768 3867 810 3911 lv.
830 3892 855 3902 —
872 3870 896 3920 1)
911 3867 981 3910 Hehr.
992 3866 1037 3908 Xl.
1048 3870 1069 3918 o,
1082 3889 1111 3898 -
