2652 4330
311 199 480 259 sessio
500 195 535 256 V.
556 197 625 256 ¹DE
648 201 856 256 RE‘FORM.
1048 198 1099 258 ss

447 305 647 388 cuum
682 337 727 384 m.

125 451 166 500 De
188 441 260 499 derbi
275 447 329 496 Des·
346 447 571 495 condonaturum
590 452 618 493 et
636 445 816 508 quaestoribus
833 445 1050 508 eleemosynariis.

162 551 232 628 Quia
250 571 323 611 vero
349 549 528 609 Christianae
548 547 724 626 reipublicae
749 567 806 606 non
829 548 919 608 minus
939 550 1102 608 necessaria

82 649 122 700 est
142 636 321 718 praedicatio
344 635 487 712 evangelii
501 636 529 708 ¹)
549 653 631 712 quam
655 633 759 704 lectio,
788 642 818 692 et
840 633 896 692 hoc
921 644 966 692 est
988 636 1101 714 praeci-

81 743 157 805 puum
176 723 378 803 episcoporum
398 737 497 778 munus
510 717 554 793 ²):
575 718 676 777 statuit
693 729 724 778 et
742 717 874 779 decrevit
888 718 989 778 eadem
1005 729 1139 780 sanctam
1239 723 1247 736 ‘

82 802 215 888 synodus,
235 826 333 866 omnes
351 807 518 885 episcopos,
538 803 784 882 archiepiscopos,
802 804 940 884 primates
959 813 989 862 et
1007 823 1105 864 omnes

82 895 146 952 alios
164 892 352 953 eeclesiarum
371 890 517 969 praelatos
535 887 629 948 teneri
646 907 701 968 per
718 909 749 948 se
763 889 851 968 ipsos,
871 889 895 948 si
911 889 1039 966 legitime
1053 889 1106 946 im-

81 977 164 1058 pediti
192 998 251 1036 non
278 978 400 1047 fuerint,
431 973 468 1034 ad
499 972 723 1054 praedicandum
750 984 879 1034 sanctum
906 973 972 1034 lesu
999 973 1106 1033 Christi

82 1064 265 1142 evangelium.
311 1060 343 1120 Si
364 1080 434 1120 vero
454 1060 612 1138 contigerit
629 1060 782 1139 episcopos
801 1070 831 1121 et
849 1060 922 1118 alios
940 1058 1106 1139 praedictos

81 1149 201 1230 legitimo
222 1146 346 1208 detineri
365 1144 581 1225 impedimento,
609 1145 687 1204 iuxta
706 1146 826 1206 formam
845 1145 989 1222 generalis
1008 1145 1107 1204 conci·

83 1235 109 1293 lii
121 1235 148 1308 3)
170 1234 249 1294 viros
271 1231 393 1291 idoneos
416 1249 561 1290 assumere
585 1239 738 1289 teneantur
759 1228 795 1288 ad
814 1228 975 1290 huiusmodi
992 1228 1108 1309 praedi·
1147 1297 1152 1314 ἱ

83 1321 199 1378 cationis
226 1317 347 1378 officium
367 1316 521 1376 salubriter
539 1314 761 1394 exsequendum.
808 1313 841 1374 Si
860 1315 921 1396 quis
939 1326 1033 1377 autem
1051 1314 1108 1373 hoc

83 1403 239 1486 adimplere
258 1403 483 1481 contempserit,
509 1399 662 1462 districtae
678 1401 829 1462 subiaceat
846 1403 957 1462 ultioni.
1002 1399 1108 1460 Archi-

82 1485 244 1569 presbpteri
260 1507 381 1567 quoque,
400 1486 526 1567 plebani,
546 1497 577 1545 et
595 1487 756 1566 quicunque
775 1487 959 1566 parochiales
977 1487 1024 1546 vel
1038 1485 1110 1544 alias

83 1595 174 1634 curam
192 1575 348 1633 animarum
366 1572 506 1632 habentes
521 1572 663 1632 ccclesias
679 1591 848 1652 quocunque
863 1570 948 1632 modo
968 1571 1107 1642 obtinent,

81 1679 131 1739 per
147 1679 193 1732 se,
216 1661 263 1718 vel
281 1660 354 1717 alios
372 1656 507 1729 idoneos,
531 1659 555 1716 si
574 1657 701 1735 legitime
721 1657 850 1737 impediti
868 1657 988 1730 fuerint,
1009 1656 1109 1716 diebus

82 1745 177 1804 saltem
201 1743 352 1803 dominicis
366 1745 394 1818 ⁴)
414 1754 445 1803 et
461 1743 543 1802 lestis
562 1741 734 1801 solemnibus
752 1743 852 1822 plebes
871 1744 924 1802 sibi
944 1743 1109 1802 commissas

82 1850 131 1908 pro
154 1849 206 1889 sna
229 1841 259 1889 et
282 1847 380 1889 earum
404 1830 565 1907 capacitate
588 1839 708 1906 pascant
730 1827 901 1888 salutaribus
918 1829 1029 1902 verbis,
1057 1826 1111 1886 do·

83 1913 172 1974 condo
197 1934 270 1993 quae
292 1915 368 1973 scire
393 1912 522 1971 omnibus
544 1915 736 1971 necessarium
764 1925 808 1973 est
834 1913 871 1973 ad
898 1915 1032 1985 salutem,
1060 1933 1112 1971 an·

83 1998 301 2077 nunciandoque
329 1999 371 2056 eis
394 2017 457 2057 eum
479 1996 621 2057 brevitate
645 2006 675 2056 et
696 1998 837 2059 facilitate
865 2001 1005 2059 sermonis
1032 2000 1111 2069 vitia,
1168 1990 1173 1997 ’

84 2105 152 2165 qnae
172 2102 226 2144 eos
245 2082 402 2154 declinare,
422 2093 452 2142 et
468 2083 599 2154 virtutes,
619 2103 688 2162 quas
706 2086 811 2144 sectari
830 2095 974 2165 oporteat,
995 2095 1025 2143 ut
1038 2102 1110 2163 poe-

84 2192 143 2230 nam
162 2180 311 2230 aeternam
330 2165 464 2240 evadere,
484 2177 514 2228 et
529 2169 685 2228 coelestem
699 2170 820 2248 gloriam
836 2171 972 2252 consequi
986 2170 1110 2230 valeant.

84 2255 114 2313 ld
129 2275 200 2315 vero
219 2256 244 2314 si
263 2261 325 2334 quis
344 2273 442 2314 eorum
460 2264 610 2332 praestare
629 2255 768 2333 negligat,
787 2256 872 2314 ctiam
892 2257 915 2316 si
931 2256 966 2314 ab
982 2257 1112 2334 episcopi

85 2339 278 2400 iurisdictione
307 2341 404 2421 quavis
431 2340 544 2399 ratione
568 2350 730 2419 exemptum
753 2359 785 2400 se
809 2359 872 2400 esse
895 2340 1112 2421 praetenderet,

86 2427 166 2484 ctiam
185 2428 210 2485 si
229 2425 374 2484 ecclesiae
394 2423 598 2503 quovismodo
617 2436 768 2505 exemptae
788 2424 968 2500 dicerentur,
992 2437 1041 2486 aut
1059 2425 1112 2485 ali·

87 2513 128 2569 cni
146 2511 338 2582 monasterio,
366 2511 451 2569 etiam
471 2519 554 2570 extra
573 2508 730 2570 dioecesim
749 2512 917 2585 exsistenti,
945 2514 1042 2572 forsan
1062 2532 1112 2571 aa·

87 2615 172 2655 nexae
189 2597 237 2656 vel
257 2596 368 2667 unitae,
396 2594 481 2654 modo
499 2614 532 2653 re
550 2596 613 2674 ipsa
631 2597 660 2653 in
679 2593 808 2657 dioecesi
827 2598 896 2669 sint,
924 2595 1043 2676 provida
1062 2617 1113 2676 pa·

88 2683 197 2741 storalis
215 2681 417 2761 episcoporum
436 2679 600 2740 sollicitudo
620 2700 677 2738 non
696 2680 784 2753 desit,
804 2700 840 2741 ne
859 2682 928 2742 illud
947 2683 1111 2762 impleatur:

88 2767 205 2826 Parvuli
215 2769 374 2846 petierunt
386 2785 508 2844 ponera,
536 2776 568 2825 et
587 2785 647 2826 non
671 2776 741 2826 erat
761 2769 813 2846 qui
827 2765 998 2848 frangeret
1017 2771 1110 2838 elsi).

88 2848 180 2930 ltaque
202 2851 253 2910 nbi
276 2852 312 2911 ab
336 2853 474 2930 episcopo
497 2853 597 2909 moniti
620 2852 704 2912 trium
727 2855 863 2912 mensium
887 2855 979 2932 spatio
1003 2855 1113 2912 muneri

88 2954 135 2994 suo
154 2936 313 3008 doluerint,
341 2955 395 3016 per
418 2954 554 3006 censuras
577 2935 793 2996 ecclesiasticas
812 2956 864 2996 seu
882 2939 953 2997 alias
971 2936 1007 2996 ad
1026 2938 1114 3013 ipsius

89 3022 211 3103 episcopi
236 3022 384 3082 arbitrium
406 3029 561 3096 cogantur,
588 3021 628 3079 ita
648 3031 678 3080 ut
696 3019 797 3090 etiam,
826 3021 850 3077 si
868 3023 896 3078 ei
914 3024 956 3078 sic
975 3019 1114 3098 expedire

87 3107 171 3165 visum
189 3109 292 3180 fuerit,
312 3127 349 3166 ex
365 3104 573 3165 beneficiorum
591 3102 732 3164 fiuctibus
750 3105 844 3175 alteri,
864 3107 910 3184 qui
929 3105 958 3164 id
975 3116 1113 3186 praestet,

88 3187 204 3252 honesta
223 3195 319 3271 aliqua
337 3209 449 3251 merces
467 3189 661 3278 persolvatur,
690 3187 783 3252 donec
801 3190 968 3272 principalis
986 3192 1053 3270 ipse
1066 3209 1114 3252 re·

91 3274 224 3353 sipisoens
244 3277 366 3338 officium
384 3296 463 3336 sunm
481 3276 607 3355 impleat.

171 3360 203 3422 Si
223 3382 384 3442 quaerero
402 3362 584 3442 parochiales
603 3361 746 3424 ecclesiae
764 3365 948 3443 reperiantur
965 3361 1112 3422 subiectae
1122 3379 1147 3424 at

36 3500 42 3511 ,
91 3449 267 3508 monasteriis
289 3450 318 3508 in
340 3448 417 3507 nulla
441 3447 570 3508 dioecesi
592 3449 810 3521 exsistentibus,
838 3450 863 3509 si
881 3448 1001 3509 abbates
1019 3460 1050 3508 et
1067 3469 1114 3510 re-

93 3531 202 3605 gulares
220 3534 342 3614 praelati
360 3535 389 3592 in
406 3531 563 3614 praedietis
581 3536 762 3614 negligentes
784 3535 905 3608 luerim,
931 3555 949 3595 a
967 3546 1114 3615 metropo-

93 3652 300 3674 Μ

141 3711 217 3760 Sese.
228 3717 257 3762 V.
275 3721 300 3814 tp
311 3714 342 3761 ci.
354 3716 417 3760 Sese.
427 3715 520 3762 xxlv.
535 3717 564 3762 de
573 3716 617 3762 sci.
628 3731 649 3762 a.
658 3721 679 3762 t.
689 3741 715 3752 -
723 3721 746 3770 2)
760 3731 782 3761 c.
791 3720 811 3762 t.
821 3717 850 3762 D.
861 3715 1025 3762 Lxxxvnt.
1036 3717 1112 3770 (eone.

93 3759 352 3868 tanet-rara
365 3767 1112 3864 r:an-ar·aerar·”crannus

203 3833 428 3864 nrrnercnam
470 3833 544 3875 aqu.
580 3833 606 3864 re
631 3834 657 3863 es
697 3833 711 3874 p
741 3834 755 3874 p
793 3833 859 3864 coac.
893 3833 937 3862 rr.

95 3863 115 3916 ⁸l
125 3865 154 3909 tf·
164 3866 227 3914 Sera.
237 3871 330 3916 xxiv.
340 3871 368 3914 de
379 3869 423 3914 ref.
434 3883 454 3914 e.
465 3873 480 3913 ⁴
530 3873 552 3925 t)
562 3871 647 3916 leram.
658 3870 747 3914 Thren.
757 3870 799 3914 tv.
808 3875 830 3914 4.
