2654 4330
201 273 279 334 154
369 270 533 364 sessio
555 265 657 324 xxiv.
691 264 751 321 DE
777 263 1048 322 REFORMAT.

203 406 383 494 exigentibus
402 412 524 483 meritis,
542 410 663 492 praebri
680 407 835 488 diligenter
853 409 1028 481 curaverint3
1049 419 1079 468 ct
1098 427 1169 490 quos
1187 428 1227 468 ex

150 501 332 580 atlagitimo
360 498 539 568 matrimonio
567 505 663 567 natos,
691 503 722 554 et
743 497 815 565 vita,
844 503 955 565 aetate,
983 493 1116 553 doctrina
1139 505 1225 574 atque

203 585 268 646 aliis
286 584 415 643 omnibns
437 582 620 662 qualitatibus
642 579 789 660 praeditos
807 581 914 652 sciant,
938 597 1009 658 quae
1027 580 1107 638 iuxta
1125 595 1225 640 saeros

204 687 331 730 canones
358 679 388 729 at
409 667 594 728 Tridentinae
617 666 704 724 buius*
722 664 824 744 synodi
851 663 970 724 decreta
991 665 1223 743 requirnntnrlj.

201 755 344 829 Quoniam
362 772 432 814 vero
451 753 479 810 in
498 748 634 812 sumendo
657 749 694 808 de
711 748 868 828 praedietis
891 747 1018 808 omnibus
1042 747 1226 829 qualitatibus

204 841 285 918 gravi
311 837 474 916 idoneoque
505 837 643 894 bonorum
672 845 702 894 et
727 833 877 892 doctorum
904 835 1029 892 virorum
1059 835 1225 893 testimonio

110 931 115 946 '
203 945 261 983 non
280 924 427 982 uniformis
446 923 519 980 ratio
538 920 642 997 ubique
661 920 869 990 sanationum,
889 920 1056 998 populorum
1071 934 1227 978 aemorum

202 1011 343 1069 vanamne
365 1017 462 1087 potest
479 1004 624 1074 adbiberi,
652 1003 767 1063 mandat
784 1014 883 1064 sancta
901 1001 1039 1082 synodus,
1062 1013 1095 1062 nt
1111 1003 1140 1063 in
1159 1024 1227 1084 pro·

202 1095 318 1153 vineiali
344 1090 456 1170 synodo
488 1110 541 1170 per
571 1089 819 1169 metropolitanum
850 1087 981 1148 habenda
1012 1089 1227 1168 praescribatur

203 1179 361 1257 quibusque
389 1177 461 1235 locis
489 1186 519 1234 et
545 1175 700 1254 provinciis
727 1175 843 1253 propria
871 1175 1023 1245 examinis,
1056 1193 1107 1233 sen
1134 1174 1227 1254 inqui·

204 1263 331 1332 sitionis,
360 1271 410 1320 aut
436 1260 632 1320 instructionis
655 1257 806 1319 iactandas
834 1260 940 1328 forma,
973 1259 1145 1318 sanctissimi
1170 1259 1227 1317 Ro-

203 1351 280 1407 maui
297 1347 446 1407 Pontibcis
468 1345 589 1405 arbitrio
607 1343 807 1425 approbanda,
828 1363 899 1423 quae
919 1346 1008 1423 magis
1025 1342 1136 1404 eisdem
1154 1344 1227 1404 loeis

198 1431 282 1507 ⁴utilis
301 1442 386 1510 atquc
406 1442 567 1509 opportuna
584 1449 649 1489 esse
667 1429 825 1502 videbitur,
844 1431 885 1488 ita
898 1441 1003 1500 tamen,
1021 1440 1062 1499 at,
1082 1447 1167 1509 quum
1178 1427 1228 1488 dc·

99 1559 107 1575 ,
145 1547 156 1564 ν
203 1515 270 1576 inde
293 1518 349 1576 boe
368 1535 487 1576 examen
511 1535 561 1574 seu
585 1516 728 1594 inquisitio
752 1513 788 1573 de
806 1533 930 1593 persona
947 1513 1143 1594 promovenda
1160 1533 1228 1594 per·

202 1601 282 1661 fecta
303 1603 409 1671 fuerit,
434 1620 469 1660 ea
491 1601 520 1659 in
538 1601 751 1658 instrumentum
775 1599 918 1678 publicum
945 1598 1064 1660 redacta
1082 1619 1146 1658 cum
1165 1601 1226 1658 t'oto

202 1688 367 1747 testimonio
396 1705 430 1746 ae
452 1685 632 1764 professione
656 1683 724 1743 fidei
753 1684 788 1744 ab
817 1704 852 1743 co
878 1686 957 1744 faeta
966 1685 996 1765 ²)
1025 1687 1227 1764 quamprimum

203 1771 241 1830 ad
268 1773 473 1830 sanctissimum
491 1769 647 1828 Romanum
674 1767 842 1828 Pontificem
869 1771 983 1828 omniuo
1011 1773 1227 1837 transmittatur,

204 1866 236 1915 ut
253 1857 314 1935 ipse
333 1874 456 1915 summus
474 1855 622 1926 Pontifex,
644 1855 732 1934 plena
753 1856 841 1914 totius
859 1857 969 1933 negotii
988 1873 1022 1913 ac
1040 1873 1228 1934 personarum

174 1965 176 1970 ’
204 1943 307 2001 notitia
325 1942 431 2013 habita,
450 1961 503 2021 pro
522 1942 620 2019 gregis
638 1934 980 2000 dominieie'ommododc
999 1940 1068 2012 illis,
1088 1943 1112 1999 si
1131 1939 1229 1999 idonei

204 2047 257 2107 per
275 2044 395 2087 examen
414 2046 465 2086 seu
483 2045 536 2104 per
553 2025 764 2104 inquisitionem
783 2026 888 2084 factam
906 2027 1016 2104 reperti
1033 2025 1156 2098 fuerint,
1181 2045 1229 2084 ec·

206 2113 301 2172 elesiis
328 2113 419 2190 possit
444 2111 540 2169 utilius
566 2109 729 2189 providere.
792 2111 896 2170 Omnes
921 2129 991 2170 vero
1019 2110 1228 2190 inquisitiones,

204 2199 434 2266 informationes,
454 2197 617 2254 testimonia
635 2215 669 2252 ae
687 2194 873 2273 probationes
892 2214 1084 2276 quaeeunque,
1106 2195 1143 2255 de
1161 2217 1229 2278 pro·

204 2279 338 2340 movendi
356 2279 540 2360 qualitatibus
558 2289 588 2338 et
606 2281 750 2338 ecclesiae
768 2291 878 2340 statua
899 2279 1122 2362 quibuscunque,
1142 2285 1228 2342 etiam

204 2370 234 2426 in
257 2366 385 2424 Romana
409 2367 502 2435 curia,
529 2363 659 2435 habitae,
682 2383 737 2443 per
765 2364 953 2438 cardinalem,
982 2367 1028 2446 qui
1056 2368 1227 2428 relationem

203 2454 331 2511 facturus
349 2451 406 2508 erit
424 2451 451 2507 in
472 2450 658 2519 consistorio,
678 2458 708 2508 et
725 2450 797 2510 alios
816 2461 875 2510 tres
894 2450 1054 2512 cardinales
1073 2451 1229 2530 diligenter

204 2535 412 2604 examinentur,
430 2551 466 2592 ac
484 2534 588 2593 relatio
606 2535 668 2612 ipsa
687 2534 842 2595 cardinalis
859 2537 994 2596 relatoris
1013 2548 1043 2596 et
1061 2539 1145 2596 trium
1166 2558 1227 2597 car-

203 2620 339 2679 dinalium
357 2618 566 2698 subscriptione
590 2618 757 2693 roboretur,
786 2623 815 2679 in
839 2640 893 2701 qua
910 2623 965 2700 ipsi
983 2624 1088 2700 singuli
1106 2635 1228 2703 quatuor

205 2703 367 2764 cardinales
389 2703 541 2776 affirment,
560 2722 591 2763 sc
610 2703 737 2764 adbibita
762 2717 898 2765 accurata
918 2706 1067 2785 diligentia
1084 2707 1227 2768 invenisse

201 2787 415 2870 promovendus
433 2788 615 2868 qualitatibus
637 2810 654 2848 a
673 2792 735 2850 iure
754 2801 784 2850 et
802 2791 837 2850 ab
856 2792 910 2850 bac
929 2803 1028 2852 saneta
1050 2791 1163 2871 syuodo
1183 2813 1227 2852 re·

205 2876 354 2955 quisitisss)
377 2873 540 2954 praeditos,
563 2894 598 2934 ae
626 2888 709 2935 certo
728 2877 891 2936 existimare
910 2877 961 2936 sub
980 2879 1109 2956 periculo
1129 2880 1228 2937 salutis

205 2972 357 3032 aeternae,
376 2959 497 3019 idoneos
521 2979 584 3020 essa
609 2963 656 3040 qui
675 2961 809 3022 ecclesiis
831 2963 1050 3041 praeficiantnr3
1074 2964 1114 3021 ita
1132 2975 1164 3022 ut
1182 2981 1228 3023 re·

152 3068 192 3110 aas
206 3047 312 3106 latione
336 3047 365 3104 in
383 3065 439 3104 uno
456 3047 627 3105 consistorio
645 3048 734 3118 facta,
753 3067 808 3127 quo
827 3050 963 3107 maturius
981 3049 1093 3108 interea
1111 3047 1147 3108 de
1168 3051 1228 3128 ipsa

51 3124 54 3134 ’
160 3193 162 3198 ,
205 3131 388 3210 inquisitione
416 3133 554 3208 cognosci
576 3133 680 3209 possit,
708 3132 738 3189 in
765 3131 841 3193 aliud
869 3135 1069 3195 consistorium
1092 3131 1228 3194 indicium

205 3214 369 3286 differatur,
392 3217 448 3273 nisi
470 3213 547 3274 alind
570 3214 734 3276 beatissimo
757 3217 890 3296 Pontifici
913 3217 1056 3280 videbitur
1078 3219 1226 3298 expedire.

204 3301 249 3360 Ea
270 3320 341 3362 vero
364 3304 459 3358 omnia
482 3309 512 3359 et
533 3302 659 3378 singula,
682 3321 755 3381 quae
778 3301 814 3362 dc
838 3306 1037 3384 episcoporum
1054 3303 1228 3385 praeficien-

97 3399 100 3415 ·
200 3387 306 3446 ‘dorum
328 3387 401 3456 vita,
425 3395 536 3458 aetate,
564 3384 696 3464 doctrina
719 3397 750 3446 et
772 3390 877 3449 ceteris
901 3390 1082 3468 qualitatibus
1105 3391 1177 3450 alias
1199 3393 1228 3451 in

205 3471 306 3531 eadem
324 3468 435 3548 synodo
455 3472 608 3530 constituta
626 3482 704 3543 sunt,
729 3471 860 3534 decernit
877 3473 992 3547 eadem,
1011 3477 1096 3535 ctiam
1115 3478 1143 3534 in
1164 3495 1229 3535 cre·

205 3556 302 3614 atione
326 3565 443 3614 sanctae
465 3555 610 3616 Romanae
634 3559 776 3617 eeclesiae
796 3558 995 3632 cardinalium,
1019 3563 1147 3621 etiamsi
1167 3559 1228 3620 dia·

206 3642 273 3700 coni
293 3642 365 3710 sint,
388 3639 545 3718 exigenda,
569 3661 639 3720 quos
662 3645 855 3704 sanctissimus
874 3643 1016 3705 Romanus
1033 3645 1170 3707 Pontifex
1192 3666 1228 3706 ex
1255 3657 1260 3668 '

257 3820 336 3863 Son.
349 3817 434 3863 xxiv
470 3825 492 3871 i>
501 3821 532 3867 ef.
546 3824 597 3867 sed.
611 3836 677 3868 enne.
692 3824 760 3870 Trld.
774 3839 825 3882 cap.
836 3839 886 3870 enm
896 3839 946 3871 cen.
960 3827 1031 3883 alleg.
1045 3852 1071 3864 -
1095 3833 1118 3882 2)
1134 3829 1165 3874 ef.
1176 3830 1226 3876 bul.

205 3869 407 3975 miili?
417 3879 577 3926 ''⁰¹⁰'⁸¹¹⁰¹³’
592 3874 655 3918 Μ’·
668 3877 792 3922 ‘lm-
806 3879 835 3920 'l
850 3891 914 3924 ⁰⁰⁰²·
931 3877 998 3923 uun.
1015 3885 1090 3936 nect
1105 3905 1131 3916 -
1157 3881 1225 3936 aas
1321 3907 1322 3916 ε
