2654 4334
197 242 275 304 010
363 236 800 294 namatutonttttottuat
818 233 1039 323 WlCLEFFl,
1125 279 1131 284 .
1237 219 1240 228 ¹

196 379 332 461 Apostoli
352 379 386 440 in
399 377 494 440 officio
512 377 727 441 ecclesiasticos
745 373 821 436 unde
839 375 899 438 site
917 373 1155 448 statuentem
1172 375 1220 438 val

196 467 272 526 male
298 465 455 544 elegerint,
487 463 621 544 operibus
647 462 734 523 electi
760 460 897 524 dehemus
923 460 1059 534 mederep
1091 480 1157 522 nam
1183 479 1220 540 ep
1318 462 1323 473 “

195 550 455 707 ἱὶἱὲὲ..ἓὲ,“ι..ἰῗ.ῗ
468 543 1029 712 sttl’lttttttltttlttl
1055 547 1221 696 “illd

196 727 245 778 nst
271 720 397 786 scintilla
428 720 629 799 apparentiae,
661 716 737 802 prod
768 723 904 798 operteat
927 735 1108 792 oscannum
1134 727 1223 796 eaput

196 807 227 867 in
245 805 443 887 spiritualibus
458 823 563 882 regens
585 803 755 874 ecelesiam,
778 800 854 882 qnod
876 820 990 882 semper
1010 821 1074 874 oum
1093 803 1224 864 ecelesia

195 892 259 970 ipsa
280 891 421 952 militante
442 899 677 957 antemonet
694 897 892 953 conservetur.
936 892 989 952 28·
1009 885 1141 951 Christus
1159 887 1221 948 sine
1321 956 1325 969 .

196 975 300 1041 talibas
336 976 522 1042 monstruosis
559 974 700 1054 capitibus
730 991 785 1053 per
814 991 881 1034 tuos
911 991 1032 1033 veraces
1063 970 1222 1051 discipulos

196 1079 313 1140 spernes
330 1078 384 1138 per
401 1059 501 1128 erdem
519 1069 660 1120 temanum
679 1059 779 1119 melius
796 1077 875 1118 suam
891 1059 1044 1120 eeclesiam
1061 1059 1222 1136 reguleret.

196 1150 248 1210 29.
267 1144 401 1223 Apostoli
418 1155 450 1204 et
467 1141 567 1206 fideles
584 1142 753 1204 sacerdotes
770 1143 884 1206 Domini
902 1153 1017 1204 suanae
1035 1144 1065 1202 in
1083 1161 1222 1204 neeesaa·

195 1231 247 1296 riis
266 1227 305 1290 ad
320 1229 441 1290 salutem
454 1230 622 1308 repulerunt
633 1229 797 1300 ecelesiam,
816 1239 967 1308 antequam
979 1226 1076 1308 Papae
1091 1227 1222 1288 officium

194 1315 273 1375 foret
284 1312 487 1376 introductum:
505 1316 548 1374 sio
566 1315 698 1376 iacerent
715 1312 869 1374 deliciante
886 1333 940 1394 per
957 1331 1062 1376 summe
1080 1313 1222 1392 possibile

195 1399 273 1478 Papa
283 1419 371 1479 nsum
380 1398 418 1459 ad
428 1397 503 1460 diem
512 1397 621 1459 iudicii·
648 1397 1222 1469 3⁰.Nullusestdominaseivilis‚nullos

81 1489 86 1497 “
194 1497 240 1548 est
253 1487 408 1568 praelatos,
428 1487 519 1548 nullus
533 1496 578 1547 est
590 1487 752 1566 episcopus,
771 1485 836 1548 durn
851 1497 896 1548 cst
913 1488 942 1549 iu
960 1496 1082 1564 peceato
1093 1487 1220 1548 mortali.

102 1587 105 1595 ’
143 1581 185 1623 ⁸⁹²
279 1573 388 1634 Bullam
406 1571 523 1635 Martini
540 1571 580 1632 V.
604 1571 699 1634 datam
722 1571 908 1633 Constantine
925 1571 1005 1631 Vlll.
1029 1571 1094 1635 Kal.
1117 1571 1221 1632 Martii

196 1663 300 1730 tntu..
320 1675 391 1738 quae
409 1660 534 1718 insertos
553 1657 640 1718 latet
657 1667 794 1737 utrosque
812 1657 949 1718 articulos
963 1656 1088 1716 Wicled'
1101 1667 1132 1716 et
1145 1657 1218 1730 llus,

193 1742 367 1821 eosdemque
394 1741 509 1804 damnat
535 1762 620 1802 sacro
643 1742 820 1822 approbante
844 1743 969 1804 concilio
993 1741 1219 1816 constantiensi,

192 1825 250 1888 vit.
269 1837 291 1888 t
308 1826 389 1892 Vlll.
409 1827 520 1888 Concil.
541 1826 679 1888 llarduini
697 1847 763 1907 pag.
783 1833 855 1892 905.
873 1839 983 1906 etseq.

279 1911 362 1976 Bulla
375 1911 528 1974 LeonioX
547 1923 649 1973 eontra
663 1912 818 1973 Lutherum
832 1912 940 1974 XVlIl.
959 1911 1024 1972 Kal.
1040 1911 1104 1972 tutti
1121 1917 1218 1978 tono.

192 1992 255 2058 Leo
266 2000 419 2078 episeopus
431 2009 488 2058 etc.
528 1996 660 2077 Exsurge
674 1997 796 2060 mutos
810 2009 867 2060 etc.
903 1997 1010 2058 Eorum
1024 2007 1118 2058 autem
1134 2016 1220 2058 erro-

192 2101 255 2144 rum
278 2083 424 2158 (botheri)
446 2083 556 2162 aliquos
574 2082 703 2144 duximus
720 2083 920 2163 praesentibus
937 2081 1122 2154 inserendos,
1143 2102 1220 2162 quo·

192 2187 254 2228 rum
272 2179 358 2230 teum
373 2170 511 2248 sequitur,
528 2178 560 2228 et
576 2181 622 2230 est
638 2169 713 2228 talis.
1325 2241 1326 2244 Ἴ

280 2261 309 2317 1.
328 2253 484 2316 Haeretica
497 2254 641 2314 sententia
653 2264 708 2326 ost,
726 2252 778 2313 sed
792 2255 906 2325 usitata,
924 2264 1103 2314 sacramenta
1121 2272 1217 2314 novae
1325 2248 1326 2280 ¹

192 2340 266 2418 legis
284 2340 484 2400 iustificantem
502 2340 624 2418 gratiam
642 2340 699 2399 illis
717 2336 801 2412 dore,
822 2341 868 2419 qui
887 2359 944 2400 nou
961 2348 1072 2420 ponunt
1089 2337 1215 2398 obicem.

191 2429 222 2488 2.
241 2423 274 2484 In
297 2443 388 2503 puero
412 2434 478 2502 post
499 2423 667 2502 baptismum
684 2442 793 2502 negare
810 2443 961 2492 remanens
980 2434 1144 2504 peecatum,
1169 2434 1218 2483 ost

192 2508 308 2568 Paulam
335 2517 366 2568 et
393 2508 536 2569 Christum
563 2509 644 2568 simul
671 2510 854 2570 conculcare.
899 2515 929 2573 3.
957 2509 1059 2570 Fomes
1088 2510 1217 2588 peccati,
1324 2509 1325 2558 l

191 2594 303 2654 etiamsi
326 2593 431 2652 nullom
454 2591 529 2652 adsit
550 2593 663 2654 aetutde
686 2605 850 2673 peceatum,
874 2606 1003 2655 moratur
1024 2604 1178 2657 exeuntem
1198 2614 1219 2654 a
1302 2617 1305 2622 ·

192 2696 316 2756 corpore
348 2678 468 2738 animam
496 2678 532 2738 ab
559 2679 691 2757 ingressu
717 2680 804 2741 coeli.
848 2687 878 2746 4.
906 2679 1079 2760 Imperfecta
1105 2681 1216 2740 caritas

190 2763 322 2822 morituri
348 2763 407 2822 lert
424 2781 521 2824 secum
547 2766 741 2825 neeessariam
766 2785 897 2844 nagnam
930 2767 1074 2836 timorem,
1106 2766 1154 2844 qui
1181 2784 1216 2824 se

189 2849 253 2908 solo
272 2849 343 2908 satis
359 2858 407 2908 ent
422 2849 521 2910 iacere
541 2868 662 2929 poenam
679 2851 852 2930 purgatorii,
875 2861 906 2910 et
923 2849 1043 2930 impedit
1063 2850 1216 2912 introitum

188 2935 282 3012 regni.
327 2937 358 2998 5.
381 2932 453 2993 Tres
471 2953 535 2996 esse
553 2945 650 3014 partes
667 2937 877 3014 poenitentiae,
902 2937 1116 3009 contritionem,
1141 2953 1215 2996 eon·

188 3021 345 3080 sessionem
363 3029 394 3080 et
415 3021 655 3092 satisfactionem,
678 3040 736 3080 non
758 3031 804 3080 ost
824 3019 970 3082 fundatum
989 3023 1018 3082 in
1035 3039 1120 3082 saera
1138 3022 1215 3080 seri·

187 3114 283 3182 ptura
302 3122 356 3164 nec
376 3104 405 3164 ia
423 3107 546 3184 antiquis
559 3107 666 3166 sanetis
680 3105 848 3166 Christianis
861 3104 1038 3166 doctoribus.
1084 3111 1113 3172 li.
1134 3104 1215 3164 con-

57 3185 63 3190 ’
189 3189 283 3261 mitio,
312 3207 385 3268 puae
406 3201 525 3268 paratm
546 3209 599 3270 per
624 3190 842 3262 discussionem,
871 3192 1052 3252 collationem
1077 3201 1107 3250 et
1129 3190 1214 3252 dete·
1322 3211 1323 3216 ¹

188 3275 341 3356 stationem
364 3285 558 3354 peecatorum,
578 3295 633 3355 qua
651 3277 712 3354 quis
730 3277 875 3355 recogitat
892 3296 982 3338 annos
1000 3295 1066 3337 snos
1084 3277 1113 3335 in
1131 3295 1215 3336 ama·

188 3356 313 3422 ritudioe
344 3360 455 3419 animae
486 3379 569 3432 suae,
600 3359 786 3440 ponderando
817 3372 1002 3441 peccatorum
1029 3363 1211 3440 gravinum.

187 3443 410 3517 multitudinem,
437 3444 620 3518 foeditatem,
648 3447 828 3506 amissionem
851 3457 989 3508 aeternae
1012 3444 1212 3518 beatitudinis,

186 3546 224 3588 ae
245 3540 383 3602 aeternae
406 3527 594 3590 damnationis
616 3532 846 3610 acquffitionom,
874 3533 946 3596 ltaec
976 3532 1111 3594 counitio
1139 3532 1213 3592 lacit
1321 3523 1322 3546 ¹

188 3611 382 3690 hypocritam,
406 3615 462 3673 imo
481 3617 571 3694 magis
588 3626 782 3694 peecatorem.
827 3621 856 3680 7.
874 3617 1060 3679 Verissimum
1078 3627 1123 3678 est
1138 3635 1212 3696 pro·
1320 3687 1321 3690 p

186 3693 327 3766 ver-lium,
345 3707 375 3756 et
393 3700 516 3758 omnium
534 3699 666 3760 doctrina
684 3699 721 3762 de
736 3703 954 3763 contritionibus
969 3704 1023 3764 lue
1036 3720 1125 3782 usum
1139 3699 1212 3762 data
1320 3733 1321 3774 p

186 3780 392 3858 praestantiuaa
412 3780 553 3844 decetero
572 3787 736 3852 nonfacere
755 3807 861 3850 sumena
880 3789 1076 3868 poenitentia,
1099 3788 1211 3866 optima

187 3863 365 3942 poenitentia
387 3884 460 3926 nova
480 3869 546 3928 vita.
584 3875 617 3934 8·
632 3869 1121 3952 Nullomodopraesumaseonliteri
1136 3889 1211 3950 pen·

938 4199 952 4235 6
