2648 4336
233 223 318 284 aaa
442 170 444 180 ’
578 186 810 278 naumain.
831 212 994 274 aaaron.

269 361 318 424 Du
340 359 618 440 participatione
641 357 803 416 victimae
819 357 866 428 in·
882 356 1065 416 sacrificio
1089 355 1210 415 missae.

313 464 316 469 '
641 459 681 507 Do
699 459 771 508 each.
789 456 814 526 ς.
833 463 858 510 6.
944 503 947 508 ,
1284 501 1285 568 q

183 593 223 636 m
320 563 455 624 XXVIII.
480 561 641 641 Propositio
656 560 768 641 synodi,
788 581 843 640 qua
856 571 1003 641 postquam
1018 562 1114 621 statuit
1126 561 1237 618 victimae

236 651 486 730 participationem
505 667 568 707 esse
587 657 697 726 partem
715 645 860 706 sacrificio
884 647 1078 718 essentialem,
1101 645 1238 722 subiung't:
1284 705 1285 718 ,

236 755 316 808 „non
334 746 428 794 tamen
447 752 478 793 se
498 730 632 792 damnare
651 743 683 791 ut
699 733 815 793 illicitas
833 733 932 792 missas
950 733 1027 804 illas,
1046 733 1076 790 in
1094 731 1185 810 quibus
1200 727 1238 788 ad·

235 831 346 880 smntes
363 819 612 880 sacramentaliter
629 839 686 878 non
705 818 927 890 communicant,
951 816 1033 889 ideo,
1052 818 1117 896 quia
1130 816 1173 874 isti
1188 833 1239 894 par·
1284 843 1285 854 κ

236 908 371 984 ticipant,
396 905 466 964 licet
488 905 578 964 minus
601 905 746 983 perfecte,
770 902 806 962 dc
829 905 890 982 ipsa
911 904 1040 974 victima,
1064 903 1161 982 spiritu
1180 900 1238 960 illan
1284 933 1285 956 r

236 989 442 1070 recipiendo,“
460 1024 502 1038 -
520 995 657 1068 quatenus
675 991 800 1050 insinuat
821 986 857 1047 ad
880 988 1016 1049 sacrificii
1039 988 1184 1048 essentiam
1202 984 1240 1044 de·
1284 967 1285 1048 i

235 1095 301 1136 csse
316 1074 421 1154 aliquid
436 1076 465 1134 in
480 1094 516 1134 eo
531 1075 685 1147 sacrificio,
701 1073 776 1155 quod
789 1076 946 1153 peragatur
957 1075 1017 1133 sive
1032 1074 1110 1134 nullo
1123 1070 1240 1141 adstante,
1284 1065 1285 1140 ξ

237 1163 297 1222 slve
316 1159 508 1231 adstantibus,
532 1162 579 1240 qui
598 1180 652 1222 nec
671 1160 932 1232 sacramentaliter,
951 1179 1005 1218 nec
1024 1152 1200 1240 spiritualiter
1214 1155 1240 1214 de
1284 1161 1285 1238 l

236 1245 352 1306 victima
379 1247 565 1326 participant3
598 1257 629 1306 et
656 1249 736 1325 quasi
762 1243 939 1304 damnandae
966 1255 1065 1305 essent
1089 1253 1121 1302 ut
1144 1241 1239 1302 illicitae
1284 1245 1285 1306 l

236 1332 341 1392 missac
364 1330 458 1400 illae,¹
475 1332 503 1390 in
528 1330 628 1410 quibus
653 1333 716 1391 solo
744 1329 898 1390 sacerdote
926 1331 1151 1412 communicante
1175 1345 1239 1386 nemo

235 1415 325 1488 adsit,
350 1416 397 1495 qui
415 1419 474 1476 sive
493 1417 753 1489 sacramentaliter,
776 1418 836 1476 siva
855 1417 1044 1494 spiritualiter
1063 1413 1238 1476 communicet:

237 1503 341 1575 Falsa,
362 1521 502 1574 erronea,
524 1503 559 1561 de
578 1503 695 1562 haeresi
711 1511 861 1579 suspecto,
882 1521 1002 1581 eamque
1018 1505 1147 1580 sapiens.-
1199 1555 1202 1562 ,

418 1655 466 1715 De
489 1657 577 1716 ritus
601 1656 889 1724 consecrationis
909 1656 1091 1716 efficacia.

649 1759 689 1806 Dc
707 1758 778 1806 cuch.
797 1755 822 1824 §.
841 1756 865 1811 2.

324 1859 431 1921 XXIX.
459 1859 599 1920 Docti-lna
621 1859 738 1940 synodi,
767 1879 821 1940 qua
848 1871 944 1938 parte,
973 1858 1091 1918 tradere
1118 1857 1240 1917 instituens

238 1944 307 2006 fidei
326 1945 485 2005 doctrinam
509 1944 544 2004 de
568 1948 623 2004 ritu
648 1946 889 2016 consecrationis,
913 1947 1031 2004 remotis
1056 1938 1239 2023 quaestionibus
1284 1985 1285 1994 ,

236 2032 419 2090 scholasticis
439 2033 518 2090 circa
539 2030 667 2104 modum,
691 2051 746 2110 quc
770 2030 899 2090 Christus
922 2031 1017 2090 estin
1041 2027 1240 2094 eucharistiae

145 2181 149 2188 ,
238 2117 339 2195 quibus
353 2117 496 2196 parochos
515 2114 639 2176 docendi
658 2135 773 2176 munere
793 2116 944 2194 fungentes
963 2115 1109 2174 abstinere
1127 2115 1239 2175 hortatur,

112 2209 120 2216 ”
176 2223 183 2230 ·
237 2199 349 2260 duobus
367 2202 411 2260 bis
431 2211 537 2260 tantum
556 2203 723 2280 propositis:
740 2208 767 2263 l.
785 2201 925 2260 Christum
941 2209 1006 2280 post
1020 2198 1239 2260 consecrationem

238 2305 318 2357 vere,
329 2287 457 2358 realiter,
472 2287 697 2348 substantialiter
711 2306 774 2348 esse
789 2287 840 2345 sub
854 2286 1015 2365 speciebus,
1030 2291 1061 2349 2.
1079 2296 1141 2344 tnnc
1154 2295 1240 2340 omnen

238 2374 320 2449 panis
339 2371 443 2430 etvini
462 2371 647 2431 substantiam
666 2391 780 2432 cessare
799 2373 868 2431 solis
882 2371 1094 2431 remanentibus
1109 2365 1238 2450 speciebus,

239 2475 356 2533 prorsus
380 2455 484 2512 omittit
510 2457 594 2514 ullam
615 2459 794 2515 mentionem
821 2459 920 2516 lacero
947 2451 1240 2516 transubstantiatione,

222 2559 290 2617 ¹seu
315 2539 511 2598 conversionis
539 2541 627 2598 totius
650 2540 826 2599 substantiae
845 2543 926 2620 panis
944 2543 973 2600 in
992 2560 1111 2618 corpus,
1133 2547 1160 2596 et
1175 2534 1241 2592 totius

117 2621 141 2692 ,“
238 2624 415 2682 substantiae
433 2624 491 2682 vini
509 2625 538 2682 in
557 2626 734 2701 sanguinem,
754 2645 837 2704 quam
855 2627 934 2685 velut
951 2625 1102 2685 articulum
1121 2620 1179 2681 fidei
1194 2614 1241 2674 Tri·
1284 2633 1285 2668 l

240 2707 385 2770 dentiuum
404 2709 556 2768 concilium
575 2708 716 2782 delinIvit,
741 2721 771 2769 et
789 2729 861 2788 quae
880 2712 909 2769 in
932 2710 1043 2770 solenni
1067 2707 1133 2770 lidei
1153 2702 1239 2785 proles·
1284 2721 1285 2790 ᾗ

240 2797 321 2854 sione
337 2797 509 2866 continetur,
524 2830 568 2840 -
583 2807 721 2876 quatenus
734 2814 788 2875 per
801 2796 989 2855 inconsultam
1004 2790 1160 2855 istiusmodi
1172 2784 1240 2862 suspi·
1284 2795 1285 2810 ¹

241 2883 403 2960 ciosamquc
423 2881 604 2940 omissionem
623 2883 724 2939 notitia
742 2879 917 2940 subtrahitur
934 2891 992 2939 tum
1006 2877 1119 2939 articuli
1132 2873 1165 2934 ad
1178 2869 1240 2930 fideu

238 2967 424 3046 pertinentis,
449 2976 506 3026 tum
526 2970 611 3026 etiam
629 2967 709 3026 vocis
727 2965 763 3024 ab
783 2965 909 3025 ecclesia
927 2974 1115 3026 consecratae
1133 2957 1165 3021 ad
1184 2953 1240 3014 illius

223 3051 373 3110 tuendam
396 3053 604 3130 professionem
626 3049 762 3111 adversus
785 3051 935 3120 haereses,
963 3049 1110 3128 tenditque
1132 3043 1196 3106 adeo
1214 3031 1240 3094 tl

185 3138 303 3230 ⁴3⁸eius
330 3135 502 3196 oblivionem
529 3134 733 3206 inducendam,
766 3136 845 3213 quasi
872 3145 1010 3213 ageretur
1038 3133 1073 3193 de
1101 3126 1239 3219 quaestione

176 3243 184 3250 ·
241 3239 320 3280 merc
339 3221 527 3282 scholastica:
551 3223 738 3292 Perniciose,
764 3222 914 3299 derogans
932 3221 1115 3298 expositioni
1131 3213 1240 3278 vertanus
1284 3263 1285 3304 q

241 3307 407 3367 catholicoe
421 3308 503 3366 ca'rcu
518 3307 624 3384 dogma
639 3300 1086 3382 consubrinatr'otiom's,focelas
1099 3291 1240 3362 terrenus.
1284 3327 1285 3384 ἦ

412 3457 460 3517 Dc
483 3459 724 3538 applicatione
747 3459 883 3520 fructus
905 3458 1092 3518 sacrificii.

644 3577 687 3626 De
703 3577 776 3628 each.
796 3575 821 3644 §.
838 3575 862 3628 8.

326 3679 418 3738 XXX.
446 3679 584 3739 Doctrina
607 3678 723 3758 synodi.
746 3699 820 3760 ,qua,
844 3678 909 3739 dum
931 3679 1094 3759 profitetur:
1120 3664 1239 3760 „credtft

241 3763 378 3823 sacrificii
397 3764 570 3823 oblationem
588 3763 746 3824 extendere
765 3783 797 3824 se
815 3763 852 3823 ad
870 3784 983 3836 omncs,
1001 3765 1043 3824 ita
1061 3773 1160 3826 umen,
1179 3759 1204 3809 1¹¹
1218 3761 1239 3842 {¹¹

175 3859 184 3868 ”
243 3847 357 3923 liturgia
377 3847 440 3906 heri
458 3849 549 3924 possit
565 3849 698 3928 specialis
718 3853 951 3909 commemoratio
970 3850 1124 3928 aliquorum
1141 3851 1190 3899 tam
1208 3849 1239 3888 ll·
