2654 4330
85 317 90 324 ,
132 286 139 296 -
187 258 484 316 sessioxxrv.
520 259 975 320 mus-eronuuaua
1020 213 1143 324 ω’

84 398 168 480 quoad
186 398 430 458 cohabitationem
448 396 485 456 ad
504 409 613 458 certum
623 401 799 460 incertumve
810 411 921 479 tempus
931 401 994 462 heri
1012 421 1097 480 posse

82 485 218 544 decernit:
238 484 389 544 anathema
406 485 454 542 sit.

160 569 238 628 Cau.
257 568 306 630 lX.
351 567 383 628 Sl
406 571 467 646 quis
490 567 609 640 dixerit,
638 570 762 630 elericos
784 571 813 630 in
836 573 927 632 sacris
950 569 1098 634 ordinibus

83 657 260 725 constitutos,
296 654 343 714 vol
370 655 519 731 regulares
555 655 714 714 castitatem
746 656 907 716 solenniter
940 657 1098 734 professos,

81 761 157 822 posse
179 741 389 800 matrimonium
412 740 600 811 contrahere,
628 750 864 819 commotumque
883 740 1010 802 ualidum
1034 760 1098 802 osso

82 847 130 886 non
157 826 289 886 obstante
317 826 383 904 lege
411 825 610 886 ecclesiastica
635 826 681 885 vel
707 836 791 899 roto;
819 836 849 886 st
875 827 1036 906 oppositum
1059 827 1099 884 nil

82 910 149 970 aliud
170 929 235 970 esse
255 930 337 990 quam
356 908 491 970 damnare
510 912 732 982 matrimonium,
751 929 892 990 ponsque
911 930 1009 972 omnes
1029 931 1099 970 eon-

81 997 186 1056 trahcre
205 998 428 1067 matrimonium,
452 997 499 1074 qui
522 1015 578 1056 nou
596 997 722 1056 sentiunt
738 1015 771 1056 se
790 998 944 1068 castitatis,
969 998 1054 1057 etiam
1074 998 1099 1056 si
1176 1013 1178 1020 ¹

82 1101 137 1140 eam
153 1084 300 1152 voverint,
328 1082 435 1140 habere
459 1079 585 1142 domums.
611 1082 761 1143 anathema
783 1084 834 1154 sit,
864 1101 946 1160 quum
968 1081 1046 1142 Deus
1069 1079 1100 1140 id

82 1177 154 1226 reete
172 1167 336 1246 petentibus
354 1187 411 1225 non
421 1165 555 1245 deneget,
575 1186 629 1227 nec
647 1169 774 1247 patiatur
791 1187 843 1230 uos
860 1187 946 1247 supra
964 1167 1004 1239 id,
1023 1165 1100 1245 quod

82 1273 228 1330 possumus,
248 1254 404 1326 tentari¹).

158 1338 237 1397 Gru.
256 1337 294 1396 X.
340 1336 372 1396 st
391 1339 452 1416 quis
471 1337 585 1410 dixerit,
606 1349 708 1397 statum
727 1338 907 1416 coniugalem
922 1348 1100 1415 anteponen-

84 1421 220 1483 humasse
240 1425 328 1482 statui
344 1424 555 1500 virginitatis2)
579 1425 625 1483 vel
645 1422 812 1494 caelibatus,
832 1434 862 1482 et
880 1442 937 1483 non
956 1441 1020 1484 osse
1039 1441 1100 1480 me-

83 1509 129 1566 lius
145 1528 177 1568 ac
196 1510 311 1568 beatius
330 1525 445 1567 manere
464 1509 493 1566 in
511 1509 676 1586 virginitate
695 1519 745 1568 aut
756 1508 907 1580 caelibatu,
929 1527 1010 1587 quam
1021 1507 1100 1584 iungi
1121 1539 1124 1547 =

84 1596 267 1654 matrimonio:
287 1595 438 1652 anathema
456 1594 501 1652 sit.
1180 1589 1186 1596 '

160 1679 237 1739 Can.
255 1678 308 1738 XI.
355 1677 387 1737 Si
418 1680 480 1757 quis
511 1678 631 1749 dixerit,
667 1679 890 1757 prohihitionem
916 1677 1099 1738 solennitatis

85 1765 233 1842 nuptiarum
259 1765 349 1826 certis
372 1766 438 1823 anni
460 1765 635 1842 temporibus
656 1764 889 1842 superstitionem
912 1781 976 1824 esse
1000 1771 1099 1840 tyran-

84 1851 203 1926 nicam³)
232 1850 269 1908 ab
299 1850 477 1910 ethnicorum
504 1850 707 1927 superstitione
734 1849 909 1927 prolectam,
936 1857 986 1906 aut
1011 1846 1150 1912 hene-212
1206 1917 1211 1928 ⁸

87 1932 216 1994 dictiones
239 1947 270 1994 ct
293 1936 364 1994 alias
382 1936 593 2005 caeremonias,
617 1933 718 2013 quihus
736 1934 862 1994 ecclesia
880 1935 908 1991 im
926 1932 983 1991 illis
1001 1933 1099 2004 utitur,

87 2017 266 2081 damnaverit:
291 2021 443 2080 anathema
458 2023 505 2080 sit.

162 2105 239 2166 Cin.
258 2105 326 2165 Xll.
372 2103 404 2165 Si
431 2107 493 2184 quis
522 2103 641 2176 dixerit,
671 2118 771 2164 causas
798 2102 1021 2164 matrimoniales
1044 2121 1101 2160 non

88 2201 207 2268 spectare
226 2190 263 2251 ad
283 2190 394 2251 iudices
412 2191 643 2250 ecclesiasticos:
662 2190 814 2250 anathema
831 2191 877 2250 sit.

98 2363 332 2412 nubserunt
358 2367 410 2412 llll
438 2365 786 2413 auuoamnutoutt
813 2362 1095 2408 MATRIMONIL

88 2479 110 2526 C.
124 2483 139 2526 l.
157 2481 321 2530 Matrimonii
335 2481 476 2529 solenniter
492 2479 802 2546 contrahendisormaa‘n
813 2476 1105 2526 conciliabulorum&

87 2555 240 2612 praetort'pla
255 2553 417 2609 innovatum
437 2549 525 2611 quoad
538 2550 758 2610 proclamantium
777 2549 927 2608 dispensare
942 2547 1030 2607 possit
1049 2548 1103 2606 epi-

88 2627 176 2676 scopua.
214 2621 267 2678 Qut
285 2621 365 2666 aliter
384 2633 461 2679 qnam
475 2619 659 2678 praesentibus
668 2617 787 2678 parocho
805 2623 832 2664 et
847 2616 944 2664 duobus
962 2615 1103 2662 mattridus

370 2688 476 2734 testibus
495 2685 642 2748 nonhabet,
664 2685 731 2734 nibil
747 2688 812 2746 agit.

163 2771 287 2832 Tametsi
315 2770 498 2832 dubitandum
530 2790 587 2828 non
614 2779 671 2842 est,
708 2768 885 2830 clandestina
913 2769 1103 2838 matrimonia,

90 2851 171 2914 libero
188 2857 419 2918 contrahentium
438 2875 579 2914 consensu
601 2856 694 2926 facta,
714 2865 777 2914 rata
796 2865 825 2912 et
842 2873 912 2912 uera
931 2872 994 2912 esse
1006 2853 1103 2910 matri·

89 2942 225 3016 monim,
259 2941 392 3022 quamdiu
414 2941 541 3001 ecclesia
568 2960 603 3000 ea
630 2942 794 2998 irritamen
817 2940 901 3008 lecit,
927 2949 959 2996 et
981 2934 1102 3016 proinde

90 3023 144 3082 iure
160 3025 311 3088 damnandi
337 3037 402 3087 suut
428 3027 484 3098 illi,
511 3037 543 3084 ut
561 3045 612 3084 eos
639 3035 739 3084 sancta
766 3020 892 3102 synodus
921 3023 1102 3082 anathemate

92 3105 206 3184 damnat,
231 3115 278 3193 qui
302 3133 336 3172 ea
359 3131 429 3172 vcra
451 3132 485 3171 ac
504 3121 568 3169 rata
587 3129 651 3170 esse
670 3119 791 3186 negant,
815 3110 918 3188 quique
936 3108 1010 3166 lalso
1029 3104 1104 3166 affir-

92 3205 171 3267 mant,
197 3200 389 3270 matrimonia,
417 3218 434 3256 a
458 3197 523 3256 liliis
549 3197 670 3256 familias
697 3196 758 3254 sine
788 3212 928 3253 consensu
955 3201 1104 3272 parentum

93 3289 243 3354 contracta,
271 3286 353 3344 irrita
371 3303 449 3354 esse,
477 3293 506 3342 ot
533 3292 667 3361 parentes
690 3301 725 3341 ca
747 3290 810 3340 rata
831 3280 877 3338 vel
901 3278 983 3338 irrita
1005 3277 1105 3336 lacere

92 3379 180 3436 posse:
199 3369 378 3430 nihilominus
396 3377 496 3428 sancta
514 3367 568 3427 lici
587 3369 712 3427 ecclesia
730 3386 767 3426 ex
785 3363 943 3424 iustissimis
953 3363 1047 3423 causis
1056 3362 1105 3420 illa

92 3463 196 3528 temper
213 3452 355 3514 detestata
373 3456 454 3528 est⁵)
473 3464 558 3532 atque
577 3453 732 3531 prohibuit.
776 3449 893 3521 Verum,
913 3469 996 3529 quum
1006 3457 1106 3508 sancta

96 3535 209 3608 synodus
236 3539 456 3610 animadvertat,
492 3537 701 3618 prohibitiones
728 3537 791 3598 illas
817 3545 937 3616 propter
962 3534 1106 3595 hominum
1172 3599 1176 3611 ¹

95 3655 292 3681 ’,ὴ-ι-

142 3713 318 3766 bonum.
345 3724 368 3776 1)
383 3720 579 3766 iCor.X.18.-
603 3717 718 3772 tildstth.
733 3715 1107 3774 xlx.11.·sq.1cor.vlt.as.
1175 3749 1179 3756 ,

94 3761 240 3864 aaut·
255 3773 399 3869 ,utcu
414 3787 434 3866 t·
449 3771 741 3868 tattaeus-3⁴
760 3768 1106 3875 astitissemus:

98 3829 327 3982 lbodldii'iil⁰)'''l)⁰'
337 3880 357 3921 2.
370 3827 509 3920 XXXXV.
520 3855 557 3930 qia.
568 3877 587 3918 s.
599 3836 724 3918 otbdbx'.
736 3835 1014 3927 qul‘ma'tesaec'mspdn.
1026 3868 1108 3913 1v.1a.

840 3981 896 4042 10*
