2652 4330
815 83 834 154 ’
883 79 886 84 .

223 221 279 283 4}
378 219 543 278 SESSIO
569 223 628 277 vlt.
667 223 726 276 DE
754 221 1098 282 sacrararum.

570 356 671 402 indictio
681 355 774 402 ianrrm
784 358 906 403 imitante·

309 447 445 508 Placetne
468 449 563 521 vobis,
591 451 748 528 proximam
775 450 898 510 futuram
924 452 1082 510 sessionem
1111 449 1258 512 celebrari

222 533 271 594 die
295 531 369 593 lovis
397 535 470 594 feria
498 537 595 615 quinta
620 545 687 615 post
711 537 830 614 primam
858 534 1029 595 dominicam
1056 536 1259 617 subsequentis

221 618 487 765 gppldnrtageppzppt,
500 641 572 701 qnae
592 622 648 680 erit
666 619 728 680 dies
747 623 833 680 tertia
851 623 956 744 mensis
973 621 1089 680 Martii?
1126 621 1259 703 Respon-

632 865 843 878 —u-—n

506 1017 687 1069 serato
724 1017 976 1083 serrum,

626 1115 854 1162 enumerare

416 1207 479 1254 orn
498 1209 552 1254 111.
571 1208 711 1256 marsis
730 1209 869 1254 mnnrrr
887 1178 1062 1256 mnxuvrr.

397 1339 638 1387 DEORE'I‘UM
673 1341 726 1386 ult
763 1337 1086 1387 SAOBAMRN'NS.

663 1449 819 1494 Prooemium.

308 1539 356 1602 Ad
375 1543 645 1602 consummationem
665 1541 797 1600 salutaria
817 1537 853 1600 de
872 1542 1075 1601 iustificatione
1095 1540 1259 1614 doctrinae,

150 1647 154 1654 ·
222 1648 296 1708 quae
324 1629 352 1689 in
379 1626 568 1708 praecedenti
594 1627 724 1705 proxima
750 1628 879 1686 sessione
905 1647 963 1685 uno
991 1628 1115 1690 omnium
1143 1625 1260 1688 Patrum

224 1731 366 1775 consensu
383 1713 564 1792 promulgata
581 1712 647 1783 fuit,
668 1722 891 1771 consentaneum
909 1713 999 1771 visum
1017 1723 1063 1772 cst
1080 1712 1117 1772 de
1137 1717 1260 1774 sanctis-

189 1800 302 1862 aosimis
320 1799 463 1861 ecclesiae
482 1798 669 1859 sacramentis
688 1817 791 1878 agere,
814 1817 868 1878 per
886 1817 958 1878 quae
978 1800 1068 1859 omnis
1090 1818 1161 1859 vera
1180 1801 1261 1860 iusti-

223 1891 265 1948 tia
281 1888 328 1948 vei
346 1889 456 1966 incipit,
474 1887 521 1946 vel
539 1896 645 1965 coepta
664 1896 795 1964 augetur,
814 1884 861 1944 vel
879 1886 982 1944 amissa
1000 1895 1163 1964 reparatur.
1189 1883 1260 1945 Pro·

223 1984 325 2054 pterea
347 1983 533 2033 sacrosancta
556 1973 743 2032 oecumenica
771 1981 801 2030 et
823 1972 967 2050 generalis
994 1969 1164 2030 Tridentina
1192 1991 1260 2052 syn-

224 2058 307 2131 oduS,
327 2059 356 2117 iu
375 2055 488 2138 Spiritu
506 2068 606 2116 sancto
626 2058 753 2135 legitime
773 2067 960 2136 congregata,
979 2055 1213 2136 praesidentibus
1231 2058 1260 2116 in

224 2165 261 2204 ea
283 2142 392 2203 eisdem
415 2144 593 2221 apostolieae
617 2143 695 2202 sedis
714 2141 831 2220 degatis,
860 2141 896 2202 ad
920 2162 1036 2202 errores
1059 2142 1259 2215 eliminandos,

224 2238 256 2289 et
278 2227 477 2309 exstirpandas
500 2227 650 2299 haereses,
679 2247 751 2307 quae
776 2229 855 2287 eirca
876 2230 1055 2289 sanctissima
1077 2229 1140 2308 ipsa
1162 2248 1261 2288 sacra·

224 2325 320 2374 menta
338 2313 392 2373 hac
412 2323 511 2372 nostra
529 2323 699 2392 tempestate
718 2323 776 2372 tum
795 2312 831 2372 de
851 2312 990 2373 damnatis
1009 2315 1077 2374 olim
1094 2313 1260 2374 aPatribus

224 2400 332 2458 nostris
355 2397 524 2458 haeresibus
546 2401 715 2470 suscitatae,
743 2409 801 2458 tum
820 2400 906 2458 etiam
930 2399 966 2459 de
990 2420 1064 2472 novo
1088 2397 1260 2460 adinventae
1315 2437 1316 2444 κ

224 2495 303 2556 sunt,
332 2503 406 2563 quae
429 2483 590 2544 catholicae
619 2485 761 2545 ecelesiae
789 2485 906 2565 puritati
934 2496 965 2544 et
992 2487 1147 2544 animarum
1174 2484 1262 2544 saluti

224 2589 401 2649 magnopere
421 2567 561 2642 officiunt,
589 2581 750 2630 sanctarum
770 2572 975 2650 scripturarum
993 2569 1159 2642 doetrinae,
1189 2592 1261 2650 apo·

224 2655 335 2714 stolicis
367 2653 568 2714 traditionibus
600 2666 684 2735 atque
716 2656 836 2715 aliorum
868 2657 1055 2716 conciliorum
1087 2667 1117 2716 ct
1143 2655 1260 2716 Patrum

226 2743 379 2800 consensui
402 2739 595 2812 inhaerendo,
623 2743 676 2800 bos
697 2750 866 2820 praesentes
889 2760 1016 2802 canones
1038 2741 1207 2802 statuendos
1231 2752 1261 2800 et

226 2824 428 2886 decernendos
448 2829 567 2898 censuit,
588 2826 723 2904 reliquos,
744 2828 791 2906 qui
809 2838 969 2906 supersunt,
989 2824 1026 2886 ad
1045 2827 1142 2906 coepti
1162 2830 1260 2907 operis

224 2912 434 2992 perfectionem
454 2911 592 2992 deinceps
610 2911 706 2971 divino
726 2909 835 2991 Spiritu
854 2911 1007 2972 adiuvante
1027 2912 1148 2973 editura.

396 3070 449 3116 DE
484 3071 805 3124 snoudunam
838 3073 880 3116 IN
907 3072 1087 3118 GENERE.

312 3167 381 3227 Cra.
402 3167 425 3226 1.
463 3165 496 3226 Si
524 3171 586 3246 quis
612 3168 736 3242 dixerit,
773 3180 954 3230 sacramenta
980 3189 1072 3229 novae
1099 3171 1173 3249 legis
1201 3190 1259 3230 non

224 3253 313 3313 fuisse
337 3253 431 3312 omnia
454 3272 471 3312 a
495 3251 558 3312 lesu
583 3253 697 3314 Christo
708 3257 735 3330 ¹)
760 3255 882 3314 Domino
910 3267 1009 3315 nostro
1036 3257 1180 3330 instituta,
1210 3269 1260 3318 ant
1312 3283 1313 3288 ¹

157 3405 167 3420 ι
204 3339 289 3398 'esse
307 3339 390 3418 plura
410 3338 456 3397 vel
478 3340 617 3419 pauciora
640 3360 721 3418 quam
742 3352 867 3424 EQ,
890 3341 1040 3401 videlicet:
1077 3342 1257 3422 baptismum,

206 3424 486 3495 iconfirmatiouem,
515 3424 770 3500 eucharistiam2),
789 3428 1009 3506 poenitentiam,
1030 3439 1186 3489 extremam
1206 3449 1258 3486 nn·

226 3507 365 3578 ctionem,
394 3506 522 3568 ordinem
542 3519 573 3568 et
590 3512 812 3586 matrimonium
840 3523 890 3571 aut
911 3515 997 3572 etiam
1020 3513 1136 3592 aliquod
1156 3513 1256 3574 borum

226 3601 336 3670 septem
354 3612 411 3651 nou
430 3611 493 3654 esse
511 3613 580 3655 vere
599 3605 630 3654 et
646 3599 763 3676 proprie
786 3610 1010 3659 sacramentumt
1038 3599 1190 3661 auaffiema
1209 3603 1255 3659 sit.

277 3841 355 3886 Seu.
365 3842 421 3888 vti.
448 3847 469 3896 1)
481 3858 545 3890 conc.
556 3845 619 3892 Flor.
631 3849 655 3892 in
665 3849 728 3892 decr.
740 3847 827 3904 Eugen.
838 3845 880 3892 tv.
890 3847 919 3894 ad
929 3847 1050 3894 Armenoc.
1065 3875 1091 3885 -
1115 3853 1140 3908 ²)
1153 3865 1175 3896 c.
1190 3853 1211 3896 0.
1220 3849 1255 3895 X.

225 3893 254 3938 de
264 3893 353 3939 barret.
362 3895 391 3939 V.
401 3896 421 3939 i.
431 3896 499 3952 (Luc.
509 3899 566 3954 111.)
848 3907 859 3912 ”
