2654 4334
431 205 515 308 ntis
534 248 586 305 ET
600 245 802 308 'barriunt
948 247 960 276 a
1047 249 1128 312 m

960 327 966 362 Ι
1048 362 1054 378 ι

95 387 305 452 universaliter
327 385 408 450 actus
430 389 552 452 bominis
575 389 684 466 vitiosi,
713 381 754 452 sic
774 394 866 454 virtus
883 389 1008 454 viviiicat
1027 387 1125 464 ommis

98 479 186 538 actus
209 478 333 536 bominis
355 477 483 535 virtuosi.
531 483 581 541 17.
603 475 779 538 Sacerdotes
797 478 903 542 Christi
925 482 1056 542 viventes
1078 497 1125 542 se·
1172 486 1175 498 ‘

96 560 224 623 cundum
248 563 340 640 legem
365 563 440 632 eius,
463 571 495 621 et
512 561 651 623 babentes
669 565 829 642 scripturae
854 566 983 624 notitiam
1007 577 1037 626 et
1055 567 1126 630 ade·

95 657 178 708 ctum
192 645 229 706 ad
244 645 450 708 aedificandum
465 648 608 726 populum,
623 647 730 708 debent
743 647 912 729 praedicare
924 651 1124 711 nonobstante

99 729 258 813 'praetensa
280 734 585 794 excommunicatione.
632 733 739 808 Quodsi
763 733 840 814 Papa
856 736 902 794 rel
922 735 1022 814 aliquis
1040 755 1125 815 prae·

97 820 177 878 latus
196 816 311 877 mandat
327 817 519 878 sacerdoti'
497 838 538 878 suc
558 817 696 897 disposito
716 838 772 878 uon
791 819 996 898 praedicare,
999 839 1055 879 non
1074 820 1121 881 dc·

96 904 152 962 bet
176 901 304 964 subditus
328 903 458 963 obedire.
504 909 553 966 18.
575 904 700 977 Quilibet
723 903 915 982 praedicantia
938 905 1064 966 ollicium
1087 906 1123 969 de

96 986 235 1048 mandato
255 990 374 1068 accipit,
399 990 446 1068 qui
464 986 500 1047 ad
519 981 710 1049 sacerdotium
730 981 853 1062 accedit,
873 999 903 1050 et
920 990 989 1050 illud
1008 987 1123 1050 manda-

98 1085 158 1133 tum
181 1071 268 1132 debet
286 1075 403 1153 exsequi
421 1083 573 1155 praetensa
592 1076 887 1158 excommunicatione
905 1092 962 1134 non
981 1077 1122 1138 obstante.

97 1164 151 1223 19.
175 1158 232 1218 Per
260 1179 395 1219 censuras
423 1159 636 1219 ecclesiasticas
665 1149 976 1244 excommunicationis,
1004 1179 1123 1240 suspen·

98 1245 189 1305 sionis
213 1255 243 1303 et
270 1243 416 1304 interdicti
442 1243 543 1304 adsui
567 1246 771 1305 exaltationem
796 1246 890 1304 clerus
913 1247 1046 1325 populum
1070 1247 1123 1306 lai

97 1330 192 1389 salem
215 1329 269 1389 sibi
293 1328 468 1410 suppeditat,
492 1331 638 1390 avaritiam
662 1330 844 1409 multiplicat,
868 1331 1001 1390 malitiam
1025 1342 1123 1410 prote-

97 1416 151 1493 git,
171 1425 202 1474 et
214 1415 288 1476 viam
303 1427 457 1495 praeparat
475 1415 653 1476 antichristo.
699 1410 817 1493 Signum
837 1415 955 1476 evidens
973 1427 1027 1488 est,
1047 1415 1123 1495 quod

98 1501 135 1558 ab
159 1501 330 1560 antichristo
352 1502 424 1561 tales
448 1499 610 1581 procedunt
632 1519 785 1571 censurae,
809 1519 878 1579 quas
895 1513 1001 1560 vocant
1017 1503 1122 1571 iusuis

98 1585 283 1666 processibus
306 1587 532 1657 fulminationem
557 1587 656 1666 quibus
679 1587 774 1646 cieras
796 1586 1032 1664 principalissima
1057 1607 1122 1665 pro·
1164 1621 1167 1626 ·

99 1668 181 1730 cedit
206 1681 306 1730 contra
336 1672 413 1743 illos,
442 1674 489 1750 qui
519 1670 664 1731 denudant
692 1673 845 1750 nequitiam
874 1671 1046 1741 antichristi,
1075 1673 1123 1751 qui

98 1753 209 1816 clerum
227 1775 281 1834 pro
299 1776 330 1816 se
350 1758 471 1816 maximo
490 1756 646 1835 usurpabit.
691 1762 742 1820 2⁰
767 1753 799 1814 Si
817 1754 895 1833 Papa
913 1766 958 1815 est
976 1757 1073 1829 malus,
1092 1767 1123 1818 et

98 1843 271 1920 praesertim
294 1842 318 1901 si
336 1853 381 1901 est
401 1843 569 1921 praescitus,
590 1851 655 1900 tunc
675 1851 705 1899 ut
723 1837 808 1899 ludas
824 1840 980 1919 Apostolus
999 1851 1043 1900 est
1060 1840 1122 1901 dia·

97 1927 174 1998 boli,
196 1929 244 1987 fur
264 1938 295 1986 et
317 1927 391 1987 lilius
416 1925 598 2006 perditionis,
623 1935 653 1985 et
671 1945 728 1984 uon
746 1936 792 1984 est
810 1937 896 2026 caput
912 1923 1031 1986 sanctae
1049 1928 1121 1985 mili·

92 2013 182 2072 tantis
209 2013 368 2086 ecclesiae,
396 2031 478 2093 quum
505 2013 623 2072 nectit
652 2011 804 2071 membrum
829 2012 899 2070 eius.
942 2017 994 2077 21
1021 2003 1119 2070 Gratia

91 2097 365 2178 praedestinationis
384 2110 428 2158 est
444 2098 596 2170 vinculum,
615 2117 670 2178 quo
690 2114 794 2199 corpus
812 2096 955 2156 ecclesiae
974 2107 1005 2156 et
1024 2096 1119 2176 quod·
1114 2101 1164 2144 ³⁹1

90 2185 201 2243 lubet
174 2203 236 2244 erus
245 2185 416 2244 membrum
408 2185 533 2263 rungrtur
542 2184 655 2244 Cbrrsto
667 2184 753 2262 eaprtr
763 2181 961 2242 insolubrlrter
997 2187 1048 2246 22.
1060 2182 1117 2242 Pa·

94 2289 130 2348 pa
151 2270 198 2329 vel
222 2271 378 2348 praelatus,
403 2271 491 2328 malus
514 2279 543 2328 et
565 2272 738 2348 praescitus,
760 2279 806 2327 est
828 2270 985 2347 aequivoce
1005 2279 1117 2356 pastor,

94 2367 123 2413 et
144 2374 214 2414 vere
238 2352 284 2414 iur
305 2366 336 2415 et
353 2357 437 2414 latro
479 2360 533 2418 23.
552 2354 630 2433 Papa
649 2375 704 2413 non
728 2351 815 2412 debet
833 2351 890 2412 dici
909 2347 1117 2425 sanctissimus,

93 2442 177 2499 etiam
195 2439 347 2500 secundum
358 2440 487 2512 officium,
497 2459 562 2519 ana
577 2441 648 2500 alnas
657 2459 710 2500 rex
728 2435 849 2501 deberet
867 2440 952 2499 etiam
971 2437 1030 2498 dici
1048 2458 1114 2500 san·

93 2525 234 2585 ctissimms
248 2524 401 2586 secandum
416 2525 546 2598 officium,
557 2535 587 2585 et
596 2535 721 2584 tortores
736 2534 765 2584 et
779 2542 937 2604 praecones
947 2522 1117 2585 dicerentur

93 2614 200 2681 sancti,
224 2613 307 2669 immo
332 2613 417 2670 etiam
440 2609 569 2670 diabolus
593 2609 713 2670 deberet
735 2609 793 2669 dici
816 2620 946 2682 sanctus,
970 2630 1054 2689 quum
1079 2613 1118 2670 sit

93 2696 246 2756 officiarius
264 2695 329 2755 Dei
376 2702 427 2761 24.
447 2693 478 2755 Si
496 2695 573 2773 Papa
590 2697 667 2753 vivat
685 2695 799 2754 Cbristo
819 2698 977 2766 contrarie,
1002 2697 1113 2755 etiamsi

93 2778 266 2841 ascenderet
287 2799 341 2862 per
358 2781 440 2840 ritam
460 2791 490 2840 et
507 2781 661 2857 legitimam
679 2781 850 2838 electionem
870 2780 1024 2839 secundum
1042 2801 1113 2840 con·

87 2867 270 2926 stitutionem
302 2868 449 2926 bumanam
482 2867 637 2943 vulgatam,
669 2873 764 2922 tamen
796 2863 910 2924 aliunde
941 2859 1114 2924 ascenderet

93 2969 176 3031 quam
194 2971 249 3032 per
266 2939 423 3023 Cbristum,
448 2951 514 3009 dato
533 2952 618 3011 etiam
637 2947 713 3028 quod
732 2951 854 3008 intraret
870 2967 925 3027 per
942 2943 1120 3010 electionem

90 3036 206 3096 aDeo
204 3038 409 3118 principaliter
426 3037 544 3095 iactam:
571 3055 633 3094 uam
652 3033 736 3093 ludas
756 3025 903 3092 Scariotes
921 3035 975 3093 rite
995 3044 1024 3093 et
1042 3027 1115 3112 legi·

89 3125 161 3182 tinne
181 3133 226 3182 est
243 3123 353 3182 electus
370 3143 387 3182 a
402 3122 464 3181 Deo
481 3121 595 3180 Cbristo
613 3120 679 3180 lesu
697 3117 734 3179 ad
752 3120 956 3199 episcopatum,
976 3127 1115 3180 ettamen

90 3206 229 3268 ascendit
254 3207 368 3267 aliunde
395 3206 431 3266 ad
459 3207 533 3266 ovile
561 3209 663 3265 ovium.
708 3209 760 3269 25.
789 3203 995 3266 condemnatio
1021 3198 1112 3265 XLV.

89 3301 148 3352 art.
173 3293 288 3353 loannis
310 3294 434 3354 Wiclell
448 3313 501 3372 per
517 3291 653 3351 doctores
676 3291 754 3351 iacta
776 3301 821 3350 est
843 3281 1060 3360 irrationabilis,
1084 3299 1115 3349 et

92 3375 205 3458 iniqua,
229 3387 260 3438 et
276 3379 350 3439 male
369 3380 459 3449 iacta,
479 3389 510 3438 et
526 3379 595 3437 licta
614 3388 659 3438 est
677 3395 762 3436 cansa
780 3395 832 3455 per
850 3393 902 3435 eos
920 3375 1116 3454 allegaturi·

89 3462 203 3524 delicet
221 3482 259 3540 ex
281 3483 331 3536 eo,
356 3464 430 3544 quod
450 3463 540 3523 nullus
559 3482 657 3523 eorum
676 3463 713 3520 sit
731 3462 903 3521 catholicus·
927 3458 977 3519 sed
996 3449 1116 3539 quilibet

90 3567 192 3610 eorum
204 3560 253 3609 ant
262 3559 306 3610 est
316 3550 488 3622 haereticus,
498 3555 546 3608 aut
556 3566 695 3607 erroneus
704 3558 754 3606 aut
762 3545 954 3606 scandalosns.
987 3547 1038 3610 26.
1050 3544 1077 3603 N
1079 3553 1118 3603 ou

91 3651 130 3694 eo
145 3635 219 3714 ipso,
230 3632 314 3714 quod
329 3636 473 3695 electores
486 3634 532 3694 vel
546 3635 638 3693 maior
656 3651 722 3712 pars
741 3651 839 3692 eorum
859 3633 1037 3690 consenserit
1053 3631 1118 3688 viva

93 3721 169 3779 r'oce
193 3718 349 3781 secundum
374 3723 444 3780 ritus
462 3719 631 3779 bominum
621 3739 651 3776 ιι
670 3737 821 3796 personam
839 3718 975 3798 aliquam,
999 3735 1035 3775 eo
1054 3717 1119 3793 ipso'

92 3805 143 3864 illa
171 3825 295 3884 persona
322 3817 367 3866 est
394 3807 519 3885 legitime
546 3806 656 3877 electa3
683 3803 730 3862 vel
757 3823 793 3863 eo
821 3804 884 3882 ipso
911 3811 956 3861 est
979 3817 1066 3862 verus
1089 3805 1119 3862 et

91 3892 261 3951 manifestus
279 3911 444 3964 successor,
462 3891 552 3952 vel
524 3891 649 3951 vicarius
667 3887 747 3950 Petri
764 3887 912 3969 Apostoli,
936 3888 981 3946 vel
999 3875 1119 3948 alterlai
