2654 4330
190 209 245 282 ,00
382 209 389 214 ·
438 155 1008 290 tununnensis-suscense,
1057 255 1061 265 ⁸

190 365 245 428 per
267 365 365 408 omnes
388 343 565 424 reipnbiieae
584 342 765 404 Christianae
787 347 900 419 partes,
929 348 1137 418 sonantesque
1161 357 1225 399 snm

191 434 253 498 stne
271 451 375 510 magro
394 432 531 501 horrore,
559 448 643 508 quam
660 428 747 505 longe
767 426 880 504 haeque
904 427 993 503 pestis
1015 425 1166 484 haeresum
1191 435 1223 484 et

191 518 353 582 schismatis
371 517 559 596 pervasisset,
582 525 614 574 et
631 524 735 593 quanta
750 511 905 571 Christiani
924 513 1022 590 popuii
1039 529 1136 572 mores
1155 525 1223 570 een·

163 642 166 652 ι
192 603 324 666 rectione
341 601 520 681 indigerent,
539 602 568 658 in
587 619 651 660 earn
669 617 766 659 euram
784 608 818 656 et
834 597 1039 674 cogitationem
1052 613 1109 676 pro
1122 610 1223 656 sunne-

146 696 148 700 ’
192 691 234 768 pti
252 689 376 750 muneris
395 685 489 755 officio
508 685 673 748 incumbere
698 685 858 762 coepimus,
886 681 1123 760 quondm
1145 685 1228 762 ipsas

192 775 329 844 haereses
357 773 533 852 exstirpare,
563 781 726 851 tantumque
749 779 781 828 et
803 778 859 826 tam
882 769 1075 846 permisissem
1097 768 1223 828 schisma

192 857 311 930 toliere,
347 875 497 935 moresque
529 851 603 918 adeo
631 864 783 934 corruptos
810 864 841 914 et
867 851 1039 931 demotos
1066 852 1224 914 emendare

191 962 349 1022 possemus.
379 941 469 1014 Quum
486 951 581 1001 autem
600 938 843 1017 intelligeremus,
859 935 898 998 nd
914 939 986 999 irase
1005 937 1134 1018 sananda
1149 939 1225 998 maia

192 1028 366 1108 aptissimam
390 1045 454 1088 esse
477 1023 649 1097 remedium,
676 1023 752 1103 quod
770 1033 871 1092 sancta
887 1025 961 1084 haec
979 1024 1064 1085 sedes
1082 1023 1229 1088 adhibere

194 1114 403 1184 consuevisset,
432 1112 611 1175 oecumenici
629 1111 831 1189 generalisque
855 1111 985 1182 concilii,
1013 1113 1075 1172 eius
1098 1129 1223 1188 congre-

194 1195 280 1276 gandi
299 1208 330 1258 et
347 1197 410 1260 Deo
428 1199 543 1259 iuvante
563 1195 730 1263 celebrandi
749 1195 897 1254 eonsilium
916 1198 1052 1275 cepimus.
1081 1195 1225 1256 indictum

193 1282 264 1350 iliud
286 1282 402 1362 quidem
424 1295 509 1345 antea
531 1283 585 1342 init
607 1301 625 1340 a
646 1282 697 1342 iei.
716 1297 776 1344 rec.
796 1280 885 1340 Pauio
904 1281 955 1340 tlt.
975 1284 1084 1342 eteius
1107 1301 1234 1342 sueres«

194 1389 261 1428 sore
280 1368 367 1439 Iulio,
386 1367 661 1447 praedecessoribus
678 1368 798 1439 nostris,
817 1365 869 1426 sed
885 1368 973 1426 variis
992 1366 1028 1427 de
1047 1369 1143 1428 causis
1161 1385 1229 1426 sae-

194 1456 257 1533 pius
276 1452 440 1534 impeditum
461 1465 492 1516 et
509 1451 722 1532 interpellatum
738 1452 840 1530 perfici
858 1472 915 1512 non
933 1455 1034 1531 potnit
1076 1452 1229 1533 Siquidem

194 1537 313 1611 Pactius,
332 1559 414 1618 quum
433 1539 463 1599 id
480 1541 573 1618 primo
592 1540 621 1599 in
640 1536 739 1598 urbem
756 1537 902 1598 Mantuam
913 1539 956 1612 ¹),
975 1537 1079 1598 deinde
1096 1539 1228 1598 Vincen-

79 1643 83 1651 ’
148 1631 181 1674 ¹⁴³
195 1627 263 1684 tiam
286 1623 450 1696 indixisset,
478 1623 614 1703 quasdam
637 1623 675 1684 nis
699 1643 800 1684 causas
823 1627 851 1684 in
875 1625 967 1683 literis
991 1625 1053 1685 eins
1071 1641 1229 1704 expressos

72 1737 78 1746 ·
195 1710 225 1770 id
243 1713 335 1788 priato
354 1708 516 1789 suspendit,
535 1720 638 1789 postea
655 1708 820 1770 Tridentum
839 1711 997 1783 transtulit,
1016 1709 1122 1770 deinde
1142 1729 1227 1789 qnnns

197 1794 362 1874 quibusdam
381 1794 419 1856 de
439 1797 532 1862 causis
549 1795 589 1858 ibi
609 1815 720 1877 quoqne
746 1798 808 1860 eius
830 1793 997 1856 celebrandi
1020 1806 1131 1876 tempus
1155 1794 1228 1854 diia-

196 1893 255 1946 tum
278 1883 392 1953 fuisset,
430 1881 544 1948 motem
571 1883 758 1962 suspensione
786 1882 897 1942 sublata
917 1884 952 1966 ¹in
980 1879 1081 1944 eadent
1109 1882 1228 1942 civitate

195 1966 364 2032 Tridentino
382 1967 545 2031 inchoatum
564 1969 626 2029 init.
663 1967 771 2028 Verum
789 1967 965 2027 sessionibus
983 1968 1094 2046 aliquot
1110 1967 1229 2036 habitis,

197 2064 228 2120 et
246 2054 388 2120 nonnuliis
406 2053 533 2117 decretis
551 2055 650 2124 iactis,
674 2055 764 2130 ipsnsn
783 2072 816 2112 se
832 2063 935 2132 postea
952 2053 1105 2112 concilium
1123 2053 1228 2131 aliqui-
1318 2085 1319 2088 =

196 2139 249 2198 bus
273 2138 309 2201 de
329 2141 436 2211 causis,
457 2138 625 2202 'accedente
642 2140 730 2197 etiam
748 2136 1022 2217 sedisapostolicae
1041 2141 1230 2210 auctoritate,

198 2224 358 2293 Bononiam
385 2225 582 2295 manstuiit2).
636 2222 726 2282 iniins
750 2234 859 2294 antem,
888 2225 934 2302 qui
962 2226 989 2283 ei
1015 2225 1170 2296 successit,
1198 2225 1229 2282 in

198 2305 320 2386 eandem
338 2311 482 2374 civitatem
501 2308 698 2370 Tridentinus
715 2307 744 2367 id
763 2311 924 2380 amauit,
948 2327 1004 2388 quo
1023 2309 1136 2388 quidem
1155 2320 1230 2370 tem·

197 2415 270 2476 poce
289 2396 367 2463 iacta
385 2396 443 2460 alia
461 2393 599 2472 qsmedaru
619 2393 738 2454 decreta
756 2406 821 2454 sunt
833 2395 873 2469 ³).
919 2392 979 2454 Sed
1003 2415 1085 2474 quum
1110 2397 1176 2468 novi
1199 2397 1231 2454 in

198 2478 798 2643 ttttititttjt{initii
811 2481 1233 2633 timisti·

972 2610 980 2638 ‚
1216 2599 1232 2612 .

201 2651 267 2724 tium
294 2669 458 2728 suspensam
487 2661 517 2710 et
544 2649 660 2710 dilatum
687 2652 755 2723 init,
783 2651 932 2712 adnitente
957 2653 1233 2714 nimirumbnmani

201 2737 318 2813 generis
343 2735 441 2808 hoste,
468 2737 595 2816 aliasque
622 2757 659 2797 ex
686 2739 750 2798 aiiis
772 2737 954 2798 difficultates
974 2749 1006 2797 et
1026 2737 1233 2818 impedimento

201 2821 372 2892 obiiciente,
395 2831 426 2884 ut
443 2831 551 2884 tentum
569 2824 714 2884 ecciesiae
734 2821 925 2894 commodum,
950 2823 1027 2902 quod
1044 2841 1162 2903 prorsus
1180 2843 1235 2884 nn-

200 2908 278 2978 ferre
298 2926 358 2970 non
373 2918 501 2987 poteram
521 2909 622 2972 saitem
640 2927 722 2988 pann
741 2909 898 2970 diutissime
916 2909 1089 2969 retardaret.
1123 2909 1237 2981 Quant-

202 3012 291 3071 tset't
314 3011 384 3060 veno
407 2995 521 3058 interea
542 3006 645 3056 auctae
668 2995 777 3054 fuerint
798 3007 830 3054 et
846 2994 1052 3075 multiplicatae
1069 3015 1105 3054 nc
1123 3015 1234 3073 propa·

202 3089 287 3156 gatae
315 3080 465 3152 haereses,
494 3093 671 3160 quantopere
699 3080 823 3142 schisma
851 3082 989 3152 creverit,
1018 3081 1079 3140 sine
1107 3083 1235 3138 maximo

202 3166 288 3224 animi
307 3163 409 3225 dolore
427 3186 481 3225 nee
500 3167 662 3226 meminisse
681 3187 829 3248 possumus
848 3186 902 3226 nee
921 3167 1043 3227 reiense.
1090 3163 1150 3225 Sed
1170 3177 1236 3224 tnu-

203 3247 267 3308 dem
285 3252 347 3329 pius
365 3262 397 3312 et
413 3252 580 3310 misericors
599 3251 750 3323 Dominus,
769 3255 816 3332 qui
835 3271 974 3331 nunquam
993 3253 1033 3310 ita
1047 3253 1184 3312 irascitur
1193 3253 1238 3326 ⁴),

202 3346 234 3394 ut
250 3336 468 3397 misericordias
488 3335 686 3410 obliviscatur,
715 3339 831 3416 regibus
850 3349 881 3397 et
897 3337 1073 3418 principibus
1092 3335 1242 3396 Christia-

203 3422 247 3488 nis
264 3441 364 3500 paoem
384 3433 416 3480 et
432 3421 644 3485 unanimitatem
664 3424 772 3486 donare
791 3424 995 3502 dignatusest.
1031 3422 1092 3498 Qua
1109 3439 1164 3482 nos
1184 3441 1242 3482 oc-

204 3509 321 3566 easione
341 3507 438 3565 ohiata
457 3505 605 3568 maximam
624 3511 652 3568 iu
672 3531 750 3590 spem
768 3514 908 3584 venimus,
927 3511 1015 3590 ipsius
1032 3506 1237 3568 misericordia

202 3593 286 3662 freti,
305 3592 384 3662 iore,
402 3603 434 3650 ut
450 3591 495 3652 his
513 3597 603 3654 tanus
618 3614 729 3676 quoqne
744 3597 888 3656 ecciesiae
900 3591 983 3654 ‘maiis
997 3592 1098 3654 eadem
1114 3593 1236 3653 eonciiii

81 3737 85 3746 ,
202 3679 256 3765 ῑςὶξιι
272 3676 335 3736 finis
358 3677 529 3760 imponatur.
574 3678 636 3744 Nos
655 3683 751 3762 itaque
770 3681 806 3748 td
824 3681 1159 3763 sniismnhseresesque
1176 3677 1237 3736 toi-

203 3819 410 3931 du⁸.3.¹0'‘1}⁴1v{'
439 3829 461 3882 ¹)
471 3841 534 3886 *¹¹1¹*
546 3842 597 3886 Μ·
609 3833 627 3873 ¹·
639 3855 663 3865 ·
677 3824 1241 3888 ²)wsr·Se·s-v111.-stupemus.-
