2654 4334
205 245 285 308 181
371 240 535 298 SESBIO
553 237 643 293 XXV.
676 235 738 292 DE
755 235 858 291 REG.
882 237 940 290 ET
957 231 1076 290 stote

209 385 273 446 dem
293 380 425 454 conlidit,
445 380 652 442 sanctissimum
668 376 826 440 llomannm
843 375 1012 438 Pontificem
1032 396 1086 458 pro
1106 379 1243 456 sua'pic·

208 482 269 530 tate
296 479 327 529 et
355 467 509 550 prudentia
535 476 712 536 curatmm,
741 473 876 543 quantum
901 462 974 522 baec
1001 472 1133 544 tempora
1159 463 1243 526 terre

158 575 294 637 nusposse
311 554 431 626 viderit,
455 564 487 614 nt
508 554 559 624 iis,
580 569 654 631 quae
676 569 751 610 nnnc
777 546 974 609 commendata
992 549 1190 628 reperiuntur,
1210 560 1244 610 et

210 662 282 722 quae
301 660 369 700 snos
388 648 545 700 conventus
563 636 680 707 babent,
699 634 852 713 regulares
866 653 1024 714 personae,
1042 631 1173 696 eiusdem
1192 655 1243 696 or-

209 729 283 788 din‘m
307 745 443 806 expresse
466 724 629 804 protensae,
662 730 694 781 et
715 739 787 800 quae
811 721 894 798 gregi
912 719 1027 799 praeire
1050 729 1081 780 ct
1102 739 1243 798 praeesse
1316 793 1317 810 ,

209 814 334 894 possint,
361 807 576 891 praeficiantur.
622 807 701 880 Quae
728 825 799 866 vero
827 806 857 864 in
882 815 1028 884 posterum
1055 807 1243 881 vacabunt¹t

210 919 267 958 non
286 898 341 956 nisi
360 895 540 974 regularibus
559 903 707 972 spectatae
726 890 841 952 virtutis
859 901 890 950 et
904 891 1067 952 sanctitatis
1085 893 1245 952 conferan-

210 995 266 1044 tur.
312 980 414 1056 Quoad
432 998 555 1039 cavero
574 978 764 1048 monasteria,
790 995 862 1057 quae
881 977 977 1055 capita
995 986 1060 1035 sunt
1077 995 1112 1036 ac
1134 979 1246 1058 prima·

210 1081 255 1130 tes
274 1066 414 1137 ordinum,
434 1066 493 1124 sive
513 1063 646 1122 abbatiae
664 1063 724 1122 sive
742 1063 887 1142 prioratus
906 1061 982 1121 liliae
992 1061 1106 1122 illorum
1116 1065 1246 1143 capitum

210 1161 423 1232 nuncupantur,
450 1159 603 1210 teneantur
621 1149 677 1220 illi,
706 1149 753 1228 qui
779 1149 808 1207 in
826 1145 972 1227 praesenti
990 1167 1024 1208 ea
1048 1147 1077 1206 in
1097 1168 1247 1210 commen-

209 1237 275 1300 dam
300 1237 445 1307 obtinent,
475 1235 529 1296 nisi
552 1235 590 1294 sit
612 1235 655 1294 eis
682 1232 718 1294 de
742 1233 869 1312 regulari
892 1251 1063 1294 successore
1084 1236 1246 1313 provisum,

210 1326 286 1384 inlra
305 1342 357 1383 sex
380 1340 492 1382 menses
509 1321 679 1398 religionem
698 1319 811 1379 illorum
835 1317 964 1378 ordinum
982 1319 1128 1400 propriam
1147 1317 1247 1380 solen-

211 1412 289 1472 niter
310 1407 456 1488 prolitcri,
488 1416 538 1465 aut
563 1406 598 1464 iis
621 1403 742 1479 cedere3
770 1405 841 1464 alias
865 1403 1049 1464 commcndae
1073 1404 1246 1486 praedictae

211 1497 274 1576 ipso
298 1495 359 1554 iure
381 1511 488 1552 vacare
512 1501 693 1552 censeantur.
739 1489 785 1549 Ne
808 1500 903 1551 autem
926 1492 955 1549 in
973 1488 1132 1572 praedictis
1152 1494 1247 1552 omni·

164 1648 166 1652 ,
210 1581 264 1641 bus
291 1590 322 1641 et
347 1577 466 1658 siugulis
488 1577 567 1636 fraus
593 1577 688 1655 aliqua
712 1574 844 1636 adbiberi
865 1576 971 1656 possit,
999 1574 1116 1636 mandat
1142 1588 1247 1638 saneta

212 1664 354 1747 synodus,
373 1675 404 1723 ut
422 1665 451 1722 in
469 1661 680 1744 provisionibus
699 1661 840 1722 dictorum
863 1659 1102 1721 monasteriorum
1121 1665 1246 1742 qualitas
1318 1717 1319 1740 ,

212 1752 390 1830 singulorum
418 1749 582 1809 nominatim
610 1748 800 1830 exprimatur,
836 1747 978 1827 aliterque
1010 1747 1089 1806 iacta
1114 1749 1245 1828 provisio
1318 1747 1319 1764 ¹

212 1837 379 1918 surreptitia
402 1854 466 1896 esse
490 1843 657 1908 censeatur,
683 1833 818 1913 nrdlaque
842 1832 1026 1913 subsequenti
1048 1834 1245 1914 possessione,

210 1925 298 1984 etiam
317 1921 461 1993 triennali,
480 1919 639 1979 adiuvetur.

213 2064 241 2110 ο.
261 2061 344 2109 xXll.
384 2059 536 2108 tumetceu⁴
545 2057 578 2105 ds
594 2059 785 2122 rosmutau
799 2055 958 2120 reputantium
975 2055 1051 2104 nulla
1066 2069 1143 2104 moro
1155 2059 1246 2105 tnur-

585 2130 676 2188 posc'ta
694 2127 870 2178 obstruantur.

301 2212 380 2274 flauo
399 2213 495 2274 omnio
517 2220 547 2271 et
564 2212 678 2290 singula
694 2212 722 2270 io
741 2210 938 2290 superioribus
961 2207 1089 2272 decretis
1106 2221 1248 2272 contento

214 2300 364 2360 obsoniari
386 2295 634 2376 sanctasynodus
656 2297 800 2376 praecipit
825 2298 855 2358 in
878 2295 1007 2356 omnibus
1036 2297 1189 2358 coenobiis
1213 2317 1247 2357 ac

215 2386 411 2454 monasteriis,
435 2383 568 2459 collegiis
585 2402 621 2442 ae
639 2381 770 2444 domibus
789 2399 1020 2461 quorumeunque
1039 2383 1248 2444 monachornm

213 2491 251 2529 ac
274 2471 461 2546 regularium,
490 2486 544 2529 neo
572 2487 629 2527 non
652 2485 882 2546 quarumcunque
895 2467 1167 2550 sanctimonialium
1190 2470 1249 2528 vir·

214 2556 311 2633 girum
334 2573 370 2612 ae
391 2550 554 2624 viduarum,
586 2553 672 2614 otiam
695 2554 720 2612 si
742 2554 809 2613 illae
832 2553 883 2614 sub
907 2552 1048 2631 gubernio
1071 2553 1247 2624 militiarum,

216 2642 302 2700 etiam
321 2639 588 2718 lerosolymitanac,
606 2639 711 2710 vivam,
730 2649 761 2699 ct
779 2655 947 2718 quocunque
965 2639 1080 2698 nomine
1098 2639 1249 2718 appellen·

216 2737 272 2796 tur,
291 2724 519 2804 subquacunque
530 2724 640 2802 regola,
659 2724 706 2784 vel
724 2724 983 2795 constitutionibus,
1002 2733 1035 2785 et
1051 2723 1103 2784 snb
1114 2724 1250 2784 custodia

215 2811 262 2870 vel
285 2810 508 2889 gubernatione,
531 2810 578 2869 vel
602 2811 700 2890 quavis
723 2810 918 2882 subiectione,
941 2819 991 2869 ant
1012 2811 1177 2870 annexione
1203 2810 1249 2870 vel

217 2893 410 2976 dependentia
428 2896 620 2975 cuiuscunque
640 2893 763 2967 ordinis,
787 2891 1008 2956 mendicantium
1026 2896 1072 2955 vel
1091 2913 1149 2954 non
1168 2915 1250 2955 men-

163 2989 203 3032 ²l⁶
217 2982 386 3058 dicentium,
413 2981 459 3040 vel
478 2980 598 3041 aliorum
621 2981 795 3062 regularium
814 2980 1031 3052 monachorum,
1060 2991 1110 3040 aut
1128 2982 1250 3040 canoni-

217 3088 315 3129 corum
335 3085 581 3148 quorumcunque3
604 3066 859 3128 nonobstantibus
882 3085 980 3138 eorum
1000 3067 1123 3126 omniurn
1142 3076 1174 3125 et
1192 3069 1250 3126 sin-

217 3147 347 3232 gulorum
365 3151 524 3234 privilegiis
552 3154 602 3212 sub
622 3153 835 3232 quibuscunque
858 3151 987 3210 formulis
1004 3151 1160 3211 verborum
1179 3171 1250 3212 con·

218 3240 312 3320 ceptis
337 3258 372 3297 ao
391 3255 469 3296 mare
496 3258 627 3317 magnum
645 3237 810 3318 appellatis,
838 3238 926 3296 etiam
952 3237 981 3296 in
1008 3236 1177 3296 fundatione
1198 3237 1250 3296 ob·

218 3325 316 3397 tentis,
333 3343 388 3384 nec
407 3342 464 3381 non
483 3324 733 3383 constitutionibus
751 3333 782 3382 et
799 3323 916 3400 regulis,
936 3323 1022 3383 etiam
1032 3322 1142 3394 iuratis,
1162 3332 1250 3404 atque

217 3413 304 3476 ctiam
329 3407 582 3469 consuetudinibus
604 3409 650 3468 vel
672 3407 962 3490 praescriptionibus,
991 3409 1077 3470 etiam
1100 3408 1250 3467 immemo-

218 3493 365 3555 rabilibus.
411 3491 443 3552 Si
462 3496 597 3575 quivero
615 3495 765 3573 regulares
783 3504 840 3553 mm
858 3495 912 3553 viri
931 3514 1013 3574 mam
1028 3493 1163 3553 mulieres
1173 3503 1250 3565 sunt,

219 3581 267 3660 qui
286 3578 337 3638 sub
360 3580 480 3639 arctiori
503 3581 605 3660 regula
626 3581 673 3640 vol
696 3580 811 3640 statutis
828 3581 940 3652 vivunt,
965 3589 1089 3661 excepto
1107 3578 1248 3640 facultate

219 3662 344 3724 habendi
365 3663 441 3722 bona
464 3666 579 3726 stabilia
596 3667 626 3724 in
645 3666 801 3738 communi,
825 3684 876 3726 eos
895 3663 930 3724 ab
949 3684 1048 3725 eorum
1067 3664 1201 3723 instituto
1221 3673 1250 3723 et

219 3750 403 3809 observantia
425 3761 525 3810 saneta
551 3749 678 3830 synodus
700 3769 835 3810 amovere
857 3771 915 3811 non
937 3748 1070 3810 intendit.
1124 3747 1165 3806 Et
1183 3751 1249 3828 quia

272 3912 350 3957 Sasu.
363 3911 442 3956 XXV.
470 3918 490 3968 t)
510 3914 541 3958 ci.
552 3914 616 3960 Sans.
626 3913 692 3958 XIV.
703 3927 723 3958 c.
735 3917 765 3958 to
