2652 4330
208 256 264 318 u
403 256 549 322 snssto
567 257 604 312 a
625 209 940 312 neruosusne.
958 251 1062 308 snss

211 397 273 458 eius
291 395 412 456 arbitrio
431 405 461 454 et
476 393 640 465 voluntate,
668 392 753 452 sicuti
775 390 860 450 rebus
882 389 999 450 concilii
1020 365 1165 469 putaverit
1188 409 1242 450 ex-

211 481 329 562 pedire,
356 482 441 540 etiam
460 481 488 538 in
510 481 621 558 privata
644 478 872 556 congregatione
894 476 1071 553 restringere
1096 485 1127 535 et
1148 474 1242 534 immi·

212 586 301 627 nuere
319 567 409 645 possit
427 575 456 624 et
473 565 576 624 valeat.

619 724 830 736 ...---

510 941 691 992 ansero
724 940 941 1006 nactur,

463 1037 697 1086 nonomine
732 1037 993 1084 cruunnnrn

424 1134 488 1178 nnn
510 1134 548 1178 11.
572 1131 711 1178 unusrs
734 1131 836 1176 runnu
853 1131 1029 1180 nnxnvu.

277 1265 517 1313 DECRE'PUM
542 1261 906 1310 PROROGA'HONIS
936 1261 1174 1306 attestatum.

297 1379 430 1452 Quamvis
448 1371 522 1438 haec
541 1388 727 1437 sacrosancta
746 1377 933 1436 oecumenica
955 1386 987 1435 et
1008 1376 1152 1454 generalis
1177 1395 1245 1456 syn-

211 1459 290 1526 odus
306 1466 477 1538 sessionem,
506 1481 577 1542 quae
596 1461 643 1522 die
661 1463 907 1542 vigesimaprima
924 1464 1029 1520 mensis
1047 1460 1156 1540 Aprilis
1175 1481 1245 1540 pro-

210 1554 286 1612 xime
304 1551 455 1631 praeteriti
473 1567 560 1628 super
577 1559 820 1608 sacramentorum
838 1558 868 1607 et
885 1547 1097 1610 reformationis
1115 1549 1246 1606 materiis

210 1639 240 1696 in
258 1638 315 1695 hac
332 1637 440 1715 inclyta
460 1635 575 1694 civitate
594 1633 757 1704 Bononiae,
777 1653 815 1692 ex
832 1632 953 1693 decreto
977 1633 1006 1691 in
1028 1633 1098 1692 urbe
1121 1631 1246 1692 Triden-
1311 1685 1312 1690 ,

211 1723 271 1781 tina
293 1723 322 1779 in
341 1720 456 1800 publica
478 1721 607 1780 sessione
630 1717 677 1779 die
700 1718 850 1778 undecima
872 1719 977 1778 mensis
999 1717 1096 1778 Martii
1117 1718 1246 1797 promul·
1311 1717 1312 1775 l

212 1817 291 1886 gato,
311 1804 486 1866 celebranda
504 1815 581 1876 erat,
609 1815 729 1884 propter
747 1805 856 1882 aliquas
876 1823 990 1876 causas,
1019 1823 1053 1864 ac
1071 1805 1245 1884 praesertim
1312 1857 1313 1860 ,

211 1903 331 1972 propter
353 1891 511 1952 absentiam
529 1889 727 1949 nonnullorum
750 1889 879 1960 Patrum‚
899 1909 968 1968 quos
991 1889 1072 1948 brevi
1094 1885 1246 1949 adfuturos
1312 1917 1313 1938 1

176 2003 203 2048 pn
212 1977 360 2058 sperabat,
380 1976 509 2037 adhunc
528 1985 708 2054 praesentem
727 1973 803 2056 diem
821 1973 1008 2034 differendam
1031 1985 1061 2033 et
1082 1994 1245 2054 prorogan·
1312 1981 1313 1984 ’

212 2062 276 2122 dam
300 2081 365 2122 csse
387 2061 565 2122 decreverit:
601 2061 701 2120 volens
724 2069 819 2118 tamen
842 2079 911 2118 cum
924 2061 973 2131 iis,
1002 2061 1049 2138 qui
1076 2079 1134 2119 non
1156 2079 1246 2122 vene-

211 2157 286 2221 runt,
306 2149 392 2207 etiam
412 2146 504 2208 adhuc
523 2145 647 2224 benigne
666 2164 764 2222 agere,
784 2142 883 2204 eadem
902 2155 1088 2206 sacrosancta
1106 2145 1246 2224 synodus,

211 2234 241 2292 in
264 2231 373 2313 Spiritu
395 2241 495 2291 sancto
522 2231 649 2308 legitime
678 2241 869 2308 congregata,
896 2227 1125 2310 praesidentibus
1153 2232 1184 2290 in
1213 2251 1248 2291 ea
1312 2292 1314 2303 ,

212 2316 321 2378 eisdem
340 2328 458 2376 sanctae
477 2315 623 2375 Romanae
642 2315 785 2374 ecclesiae
805 2314 997 2376 cardinalibus
1016 2327 1046 2375 et
1064 2316 1246 2396 apostolicae
1311 2306 1315 2345 ³

211 2402 289 2463 sedis
307 2403 420 2480 legatis,
440 2401 541 2460 statuit
558 2410 590 2460 et
606 2399 751 2470 decernit,
778 2401 936 2462 sessionem
958 2403 1059 2481 ipsam,
1083 2422 1166 2481 quam
1192 2401 1246 2462 hac

212 2487 260 2547 die
283 2485 410 2546 secunda
432 2487 537 2546 mensis
565 2485 638 2546 lunii
659 2487 820 2564 praesentis
847 2489 914 2546 anni
940 2487 1081 2546 millesimi
1105 2489 1247 2566 quingen·
1310 2492 1315 2534 ἒ

212 2573 307 2632 tesimi
331 2569 541 2651 quadragesimi
568 2571 682 2650 septimi
709 2571 859 2634 celebrare
888 2570 1074 2644 decreverat,
1102 2571 1139 2632 ad
1166 2573 1246 2634 diem
1313 2619 1316 2644 ,

213 2657 289 2718 loris
315 2667 383 2737 post
408 2658 511 2716 festum
538 2653 704 2716 Nativitatis
730 2657 834 2716 beatae
860 2656 971 2716 Mariae
997 2655 1140 2735 Virginis,
1171 2677 1246 2737 quae

213 2744 270 2802 erit
292 2741 519 2820 decimaquinta
542 2743 645 2801 mensis
669 2739 845 2822 Septembris
865 2743 996 2820 proxime
1019 2743 1123 2814 futuri,
1150 2741 1246 2824 quoad

211 2827 377 2908 praedictas
399 2838 430 2885 et
452 2828 522 2886 alias
544 2829 678 2887 materias
701 2825 895 2906 expediendas
919 2826 1106 2888 differendam
1124 2837 1155 2888 et
1176 2849 1247 2906 pro-

212 2909 369 2990 rogandam
388 2931 462 2984 esse,
482 2911 716 2992 quemadmodum
735 2911 832 2971 differt
849 2923 879 2972 et
897 2924 1049 2993 prorogat,
1073 2915 1114 2972 ita
1138 2923 1245 2986 tamen,

212 2997 289 3079 quod
306 2999 471 3078 prosecutio
491 2997 676 3059 discussionis
694 3007 724 3057 et
743 2993 959 3058 examinationis
973 3008 1031 3057 tam
1046 3017 1154 3070 eorum,
1170 3017 1246 3080 quae

212 3083 249 3144 ad
269 3082 417 3162 dogmata,
446 3103 527 3162 quam
547 3083 583 3144 ad
606 3084 840 3144 reformationem
863 3085 1021 3163 pertinent,
1049 3085 1164 3144 interim
1187 3076 1246 3142 non

125 3169 129 3174 ’
213 3171 368 3241 omittatur,
388 3180 419 3228 et
436 3171 586 3228 terminum
604 3171 693 3249 ipsum
712 3169 774 3246 ipsa
796 3179 895 3228 sancta
913 3166 1038 3248 synodus
1056 3188 1109 3249 pro
1128 3171 1191 3228 eius
1212 3170 1246 3228 li-

210 3254 272 3313 bito'
296 3265 326 3314 et
342 3255 488 3314 voluntate
512 3255 597 3313 etiam
626 3256 654 3314 in
681 3257 792 3332 privata
819 3255 1045 3334 congregatione
1072 3254 1244 3314 abbreviare

211 3349 243 3399 et
259 3357 419 3419 prorogare
438 3340 528 3398 libere
547 3339 638 3417 possit
655 3349 685 3397 et
701 3339 805 3398 ualeat.

223 3468 226 3473 -
298 3427 355 3482 Die
373 3425 456 3484 XIV.
476 3423 657 3502 Septembris
674 3425 857 3485 MDXLVII.
881 3428 911 3484 in
935 3426 1171 3502 congregatione
1186 3445 1244 3502 ge·

213 3509 315 3568 nerolr‘
329 3509 484 3568 bononiae
498 3518 668 3587 prorogato
689 3506 751 3580 suit
766 3511 869 3580 sessio,
894 3529 969 3588 quae
977 3505 1090 3586 futura
1109 3519 1178 3568 crat
1194 3510 1244 3568 dic

212 3595 356 3672 sequenti,
377 3595 418 3652 ad
435 3593 647 3672 beneplacitum
664 3596 748 3654 sacri
763 3594 892 3653 concilii.
