2654 4330
241 251 319 312 usu
440 249 700 310 ssusroxxu.
741 249 797 304 nu
823 210 1090 306 nervosusne.¹

243 393 356 466 nenda,
374 413 409 453 ac
427 393 509 454 simul
528 391 565 453 ile
583 392 668 463 luxu,
688 389 953 462 comessationibus,
972 387 1101 464 choreis,
1121 391 1202 464 aleis,
1219 391 1259 454 lu·

242 481 338 552 sibus,
366 499 401 539 ac
420 478 632 559 quibuscunque
651 476 834 547 criminibus,
853 495 907 535 uec
926 495 982 536 uon
1001 477 1196 538 uenularibus
1212 497 1258 538 ne·

244 567 331 645 gotiis
348 563 491 644 fugiendis
509 565 628 644 copiose
651 583 687 622 ac
709 562 863 622 salubriter
884 562 994 624 sancita
1011 562 1141 636 luerunt,
1165 561 1260 623 eadem.

190 691 192 699 ·
242 653 441 731 inposterum
467 648 568 709 iisdem
591 649 710 729 poenis,
737 648 783 707 vel
807 646 961 708 maioribus
983 646 1103 708 arbitrio
1127 648 1258 710 ordinarii·

243 734 422 816 imponendis
449 734 652 808 observentur,
672 750 727 792 uec
751 733 906 813 appellatio
934 734 1150 794 exsecutionem
1181 735 1256 804 hauc,
1287 797 1289 803 ,

242 841 315 901 quae
343 820 378 880 ad
406 819 515 880 morum
541 818 752 880 correctionem
780 820 923 897 pertinet,
951 817 1114 898 suspendat.
1161 817 1257 899 Siqua

193 940 229 980 1⁸,
243 925 312 966 vero
340 926 377 965 ex
403 905 448 964 his
466 905 495 964 in
513 903 729 965 desuetudinem
748 903 854 966 abiisse
881 905 1093 983 compererint,
1120 923 1158 964 ea
1185 925 1258 984 quan

242 993 409 1072 primumin
428 1009 508 1050 usum
535 991 668 1050 revocari
695 999 725 1050 et
751 988 787 1049 ab
806 989 935 1049 omnibus
961 1000 1099 1050 accurate
1128 989 1256 1051 custodiri

243 1076 393 1148 studeant3
421 1074 675 1136 nonobstantibus
699 1073 950 1135 consuetudinibus
968 1074 1201 1156 quibuscunque,
1227 1094 1257 1134 ue

242 1160 417 1221 subditorum
437 1161 590 1240 neglectae
608 1158 815 1222 emendationis
833 1160 887 1239 ipsi
906 1159 1139 1240 condignasDeo
1153 1160 1260 1220 vindice

242 1265 351 1327 poenas
368 1245 543 1327 persolvant.

368 1387 394 1432 c.
412 1386 443 1432 ll.
481 1385 592 1442 Quinam
610 1383 647 1431 ad
663 1383 827 1431 cathedrales
846 1384 969 1432 ecelesias
987 1381 1142 1431 assumendi.

328 1468 494 1548 Quicunque
520 1467 641 1547 posthac
668 1467 704 1527 ad
731 1469 872 1528 ecclesias
899 1467 1081 1528 cathedrales
1107 1471 1168 1528 erit
1188 1486 1257 1526 assu·

241 1553 368 1626 urendus,
388 1555 412 1615 is
430 1574 487 1614 nou
506 1555 596 1613 solum
615 1553 766 1625 natalibus,
786 1563 882 1613 aetate
897 1555 944 1627 ¹),
963 1552 1088 1612 moribus
1106 1564 1140 1614 et
1157 1551 1213 1613 vita
1228 1571 1257 1610 ac

241 1641 313 1712 aliis,
334 1659 406 1720 quae
429 1642 555 1700 acueris
574 1640 730 1700 canonibus
749 1641 940 1716 requiruntur,
960 1639 1044 1716 plene
1063 1641 1100 1698 sit
1108 1637 1254 1720 praeditus,

240 1743 338 1785 verum
357 1727 442 1786 etiam
462 1727 490 1784 iu
508 1744 593 1785 sacro
613 1723 713 1785 ordine
732 1735 818 1784 autea
836 1724 936 1784 saltem
955 1743 1008 1784 sex
1025 1724 1256 1803 meusiumspatio

242 1811 421 1870 constitutus.
468 1810 591 1886 Quarum
618 1829 712 1870 rerum
739 1811 909 1881 instructio,
936 1811 961 1868 si
988 1810 1050 1868 eius
1069 1811 1174 1871 notitia
1191 1809 1255 1868 nulla

241 1907 289 1955 aut
315 1916 418 1957 recens
441 1898 470 1956 iu
495 1897 574 1956 cuma
601 1895 705 1967 luerit,
733 1916 750 1955 a
776 1894 853 1955 sedis
879 1895 1057 1974 apostolicae
1085 1895 1191 1976 legatis
1214 1913 1255 1952 seu

240 1984 350 2043 nunciis
368 1982 598 2062 provinciarum,
625 1993 675 2041 aut
700 1982 761 2041 eius
780 1980 945 2053 ordinario,
965 1999 1057 2061 eoque
1076 1979 1254 2042 deficientes

240 2068 425 2129 vicinioribus
448 2066 601 2127 ordinariis
624 2077 759 2126 sumatur.
809 2065 938 2126 Scieutia
960 2084 1030 2126 vero
1053 2077 1174 2146 praeter
1194 2067 1255 2125 haec

241 2238 419 2300 satisfacere.
457 2236 586 2316 ldeoque
603 2246 689 2296 antea
702 2237 731 2296 iu
749 2237 936 2298 universitate
950 2237 1108 2298 studiorum
1118 2239 1253 2317 magister,
1302 2289 1303 2298 ,

171 2317 177 2348 “’
241 2325 301 2384 sive
325 2322 430 2383 doctor
451 2333 501 2382 aut
523 2323 686 2382 licentiatus
708 2323 737 2380 in
760 2341 843 2383 sacra
862 2323 1009 2402 theologia
1031 2323 1077 2384 uel
1095 2325 1160 2386 iure
1179 2340 1254 2383 cauo·
1302 2325 1303 2403 l

241 2410 307 2467 nico
326 2410 429 2467 merito
448 2410 485 2466 sit
501 2419 658 2486 promotus,
677 2417 726 2466 aut
743 2408 858 2488 publico
868 2409 988 2470 alicuius
998 2408 1166 2472 academiae
1185 2407 1253 2467 testi·

240 2494 335 2552 monio
358 2490 479 2552 idonens
506 2490 543 2551 ad
564 2494 637 2552 alios
661 2491 809 2554 docendos
832 2493 1009 2558 ostendatur.
1065 2494 1149 2568 Quod
1172 2496 1196 2555 si
1215 2511 1253 2552 re·
1301 2489 1302 2514 ³

240 2577 347 2657 gularis
370 2578 471 2650 luerit,
498 2599 516 2637 a
543 2579 737 2658 superioribus
764 2599 832 2641 suac
861 2582 1010 2660 religionis
1031 2581 1154 2640 similem
1181 2577 1253 2638 fidem

239 2663 354 2724 habeat.
399 2661 545 2724 Praedicti
568 2674 662 2724 autern
685 2685 797 2738 ornnes,
820 2664 896 2726 uude
919 2667 1069 2726 instructio
1087 2685 1140 2726 sen
1164 2661 1254 2725 testii-

240 2750 316 2809 catio
336 2751 393 2810 erit
409 2749 560 2821 sumenda,
579 2750 652 2810 haec
671 2749 796 2811 lideliter
813 2762 844 2811 et
861 2754 950 2830 gratis
967 2753 1079 2812 referre
1097 2760 1251 2816 tenesmon
1300 2763 1301 2784 ³

239 2836 365 2915 alioquin
389 2854 487 2896 eorum
506 2835 699 2896 conscientias
716 2839 844 2915 graviter
861 2847 995 2897 oneratus
1013 2855 1078 2897 esse
1096 2838 1202 2907 scient,
1224 2850 1253 2890 at

238 2921 329 2982 Deum
349 2931 379 2981 et
396 2922 560 3003 superiores
579 2937 645 2980 suos
663 2921 809 2982 habebunt
825 2923 943 2982 ultores.

188 3072 226 3114 m
239 3062 266 3108 c.
276 3062 318 3111 ill.
342 3059 503 3108 statuendae
517 3059 713 3108 distributiones
726 3059 894 3122 quotidianae
909 3073 944 3106 et
960 3023 1133 3122 tertialpoerte
1143 3071 1253 3124 psorem·

238 3142 337 3191 cunque
344 3129 485 3194 fructuum
492 3140 505 3189 ,0
513 3128 603 3190 portio
618 3129 761 3175 absentium
776 3127 866 3189 quibua
875 3128 968 3189 eeiutp
982 3130 1051 3175 certi
1060 3141 1138 3178 emur
1152 3125 1251 3186 excepti·
1299 3123 1300 3189 l

220 3287 223 3294 ¹
323 3212 475 3294 Episcopi,
495 3213 579 3272 etiam
598 3222 730 3291 tauquam
750 3210 875 3291 delegati
893 3212 1056 3294 apostolici,
1077 3230 1114 3273 ex
1123 3210 1251 3272 fructibus
1298 3209 1299 3282 3

163 3353 168 3362 .
239 3311 269 3360 et
285 3298 472 3379 proventibus
491 3297 703 3377 quibuscunque
722 3299 843 3356 omnium
862 3295 1042 3378 dignitatum,
1060 3309 1251 3378 personatuum
1298 3285 1299 3330 l

238 3395 269 3444 et
291 3384 466 3455 officiorum,
497 3385 526 3441 iu
554 3382 688 3442 ecclesiis
716 3383 927 3444 cathedralibus
953 3385 999 3445 vel
1023 3383 1184 3462 collegiatis
1211 3397 1252 3439 ex·

237 3469 406 3542 sistentium,
426 3469 540 3529 tertiam
558 3478 668 3548 partem
686 3469 714 3527 iu
734 3467 948 3532 distributiones
957 3465 1001 3547 ²),
1025 3487 1123 3530 eoru·
1142 3463 1251 3528 arbitrio

238 3553 439 3632 assignandas,
462 3551 591 3614 dividere
610 3555 729 3634 possint,
747 3563 779 3614 ut
794 3555 923 3630 scilicet,
942 3558 988 3638 qui
1007 3573 1057 3616 eas
1076 3553 1216 3622 obtinent,
1232 3547 1253 3606 si

239 3638 431 3718 personaliter
449 3647 616 3718 competens
635 3638 689 3698 sibi
707 3642 852 3700 servitium
871 3643 949 3702 iuxta
967 3642 1085 3701 lormaut
1105 3642 1140 3701 nh
1156 3635 1250 3700 eisdem
1296 3719 1297 3722 Ἴ

290 3814 368 3860 Sors.
383 3815 466 3862 xxii.
493 3820 516 3870 ¹)
529 3819 672 3867 e.s.n.t.1.
685 3825 762 3877 (eone.
774 3821 828 3866 Tol,
838 3821 892 3878 IV.)
901 3787 952 3868 eil.
961 3821 993 3868 X.
1004 3821 1032 3868 ie
1043 3819 1249 3914 stent.1,t.qeune

239 3866 292 3910 but.
302 3866 347 3910 ΙΙΙ.
358 3868 401 3920 tt.)
411 3879 431 3911 e.
442 3871 474 3913 ts.
485 3871 516 3913 ib.
526 3871 618 3925 (lnnoe.
627 3872 686 3927 ΙΙΙ.)
699 3873 764 3918 Sese.
775 3873 824 3918 vit
841 3875 869 3918 ule
879 3875 923 3920 rel.
934 3888 955 3919 c.
965 3879 986 3918 ¹.
1000 3873 1065 3919 Sess.
1075 3873 1165 3920 xxiv.
1191 3863 1251 3914 etti·

239 3930 261 3960 e.
271 3921 290 3960 t.
300 3925 325 3961 et
335 3920 366 3961 ta.
376 3941 402 3954 -
416 3922 448 3972 .²l
462 3919 493 3964 ei.
504 3921 568 3966 less.
578 3921 648 3966 xxi.
659 3925 687 3966 ule
697 3924 742 3968 rei.
754 3937 774 3966 r.
782 3926 804 3964 3.
