2652 4330
226 275 391 336 ΒΕΒΙΙΟ
417 274 493 332 xllt.
528 277 589 332 DE
614 275 947 336 EU-ClithSTld.
1049 281 1105 340 ὅθ

88 422 208 484 bdelibus
226 417 387 490 interdicit,
406 439 442 478 ne
460 419 581 499 posthae
599 417 636 479 de
654 422 831 480 sanctissima
854 422 1028 482 eucharistia
1050 423 1139 482 ali-ss
1214 431 1219 440 '

88 521 127 568 ter
143 505 272 577 credere,
291 503 399 564 dooere
417 515 468 564 aut
484 503 656 583 praedicare
674 504 811 578 audeant,
831 525 914 584 quam
932 518 963 567 nt
985 518 1029 568 est
1046 508 1103 568 hoc

87 593 222 675 praesenti
241 589 360 650 decreto
379 589 551 670 explicatum
570 601 654 670 atque
673 588 829 650 definitum.

115 750 167 796 Ch
196 746 474 805 Doroarspraemea
483 743 590 790 Domini
597 749 685 792 noemi
693 745 753 792 lesa
764 744 899 793 christiin
908 748 1072 795 sanctissino

410 811 586 860 eucharistiae
596 819 770 860 sacrameto.

161 915 308 994 Principio
327 913 416 974 docet
433 921 532 971 sancta
550 911 690 991 synodus,
714 923 745 972 et
766 923 866 991 aperte
885 934 919 973 ac
939 913 1108 993 simpliciter

86 1001 235 1080 profitetur,
255 1002 285 1058 in
303 999 378 1059 almo
396 1007 513 1058 sanctae
532 997 724 1056 eucharistiae
743 1009 924 1058 sacramento
942 1002 1107 1078 postponis

87 1087 181 1148 etvini
199 1084 449 1146 consecrationem
467 1081 617 1140 Dominum
639 1092 766 1140 nostrum
785 1081 877 1142 lesum
897 1082 1040 1144 Christum
1057 1105 1123 1146 ve·-

87 1191 139 1232 rum
164 1171 253 1232 ileum
281 1180 367 1248 atque
394 1168 536 1226 bominem
563 1185 647 1237 vere,
675 1168 794 1226 realiter
820 1188 855 1227 ac
882 1167 1108 1231 substantialiter
1144 1227 1148 1236 ,

567 1235 625 1248 ιιι-ιι·
678 1233 789 1250 ...κ-,Ἀ
883 1235 1110 1246 mauu-u·-

1072 1258 1079 1272 0

86 1257 130 1316 sub
147 1258 242 1335 specie
266 1255 377 1314 illarum
401 1269 495 1312 rerum
517 1251 691 1312 sensibilium
715 1254 866 1312 contineri.
903 1253 1005 1332 Neque
1033 1275 1107 1316 enum

87 1341 150 1402 haee
175 1343 251 1400 inter
278 1359 310 1399 se
336 1348 478 1418 pugnant,
506 1347 537 1395 ut
563 1338 624 1416 ipse
653 1335 788 1396 Salvator
813 1349 913 1398 noster
935 1358 1050 1418 semper
1071 1340 1108 1399 ad

88 1425 223 1486 dexteram
242 1425 337 1484 Patris
360 1425 389 1481 in
412 1420 689 1496 coelisassideat1)
713 1423 792 1482 iuxta
813 1422 926 1482 modum
950 1425 1107 1486 exsistendi

87 1512 241 1582 naturalem,
261 1522 293 1570 et
309 1519 341 1568 ut
359 1508 452 1566 multis
470 1507 651 1566 nihilominus
670 1507 733 1567 aliis
751 1509 780 1566 in
804 1509 876 1568 locis
893 1511 1109 1571 sacramentali-

89 1607 129 1655 ter
144 1615 280 1676 praesens
297 1613 348 1654 sua
367 1593 523 1653 substantia
542 1592 624 1651 nobis
642 1591 734 1664 adsit,
751 1611 785 1652 ea
804 1593 961 1653 exsistendi
984 1597 1106 1667 ratione,

88 1700 159 1760 quam
181 1684 235 1740 etsi
257 1681 355 1739 verbis
377 1679 538 1757 exprimere
562 1678 611 1736 vix
637 1697 798 1757 possumus,
825 1679 990 1757 possibilem
1013 1690 1107 1740 tamen

89 1784 143 1826 osse
160 1766 271 1841 θοοὶ),
293 1765 468 1844 cogitatione
491 1782 545 1842 per
562 1761 647 1822 fideni
665 1764 806 1822 illustrata
829 1767 942 1842 assequi
960 1783 1107 1843 possumus

89 1861 114 1908 et
129 1852 354 1912 constantissime
377 1847 498 1908 credere
522 1847 668 1908 debemus.
705 1847 748 1908 lta
771 1850 845 1908 euim
869 1851 993 1909 maiores
1016 1853 1107 1910 nostri

89 1955 188 2009 omnes,
208 1946 349 2016 quotquot
365 1937 395 1994 in
412 1952 483 1993 vcra
501 1932 607 1992 Christi
626 1933 751 1991 ecclesia
768 1934 897 2003 luerunt,
921 1935 969 2011 qui
987 1932 1023 1992 de
1042 1954 1107 1994 san-

90 2023 202 2082 ctissimo
229 2023 287 2081 hoo
319 2029 500 2080 sacramento
528 2017 742 2088 disseruerunt,
779 2018 957 2097 apertissime
984 2020 1108 2097 professi

88 2119 156 2179 suut,
181 2109 237 2168 boc
261 2119 319 2166 mm
342 2104 509 2165 admirabile
533 2114 740 2163 sacramentum
768 2105 796 2162 in
819 2103 917 2163 ultima
941 2123 1033 2163 coena
1051 2104 1108 2164 lle-

90 2191 254 2272 demptorem
274 2202 401 2253 nostrum
419 2190 584 2260 instituisse,
604 2208 687 2267 quum
706 2200 771 2267 post
788 2191 869 2269 panis
886 2191 1001 2269 vinique
1019 2190 1109 2251 hene·

90 2275 231 2340 dictionem
251 2297 284 2339 se
303 2297 382 2338 suum
406 2275 494 2354 ipsius
517 2293 621 2353 corpus
644 2275 701 2332 illis
723 2274 864 2352 praebere
888 2295 923 2334 ac
945 2295 1024 2335 suum
1044 2297 1109 2336 san-

90 2365 200 2438 guinem,
219 2365 336 2428 disertis
349 2382 385 2422 ao
398 2361 558 2440 perspicuis
572 2359 667 2419 verbis
681 2370 802 2420 testatus
817 2360 913 2435 est³);
934 2379 1005 2439 quae
1020 2363 1109 2421 verba

91 2452 220 2510 amnctis
237 2444 431 2527 Evangelistis
450 2447 720 2519 commemorant),
740 2455 770 2504 et
788 2465 805 2504 a
823 2445 889 2506 divo
900 2445 1108 2525 Paulopostea

91 2537 212 2612 repetita,
232 2554 316 2616 mum
335 2534 480 2613 propriam
498 2531 574 2590 illam
593 2541 624 2590 et
640 2532 847 2608 apertissimam
869 2531 1108 2608 significationem
1119 2549 1145 2589 eo

91 2638 150 2696 prae
168 2641 197 2680 se
215 2623 324 2692 ierant,
344 2616 498 2678 secundum
517 2635 601 2695 qnam
617 2636 635 2675 a
653 2615 784 2674 Patribus
801 2617 950 2676 intellecta
968 2627 1047 2688 sunt,
1066 2620 1109 2676 in-

91 2703 274 2782 dignissimum
296 2725 364 2764 sane
387 2703 525 2780 flagitium
549 2712 607 2774 est,
634 2720 670 2760 ea
692 2721 709 2760 a
732 2700 897 2779 quibusdam
921 2703 1109 2762 contentiosis

92 2799 118 2846 ct
132 2795 221 2869 pravis
239 2791 399 2852 hominihus
423 2787 459 2846 ad
478 2787 595 2846 fictitios
612 2797 644 2847 et
660 2788 847 2864 imaginarios
866 2799 980 2866 tropos,
1008 2789 1109 2866 quibus

91 2879 187 2937 veritas
204 2879 300 2938 carnis
323 2886 355 2935 et
376 2874 521 2952 sanguinis
540 2871 648 2931 Christi
669 2883 804 2949 negatur,
829 2883 930 2931 contra
948 2875 1126 2966 universumq

92 2962 223 3023 ecclesiae
242 2981 354 3023 sensum
373 2959 547 3036 detorqueri,
567 2975 649 3035 quae,
669 2968 800 3034 tanquam
819 2958 949 3015 columna
968 2968 998 3016 et
1015 2958 1127 3017 firma-¹

93 3058 204 3108 mentam
220 3049 401 3118 veritatis5),
420 3045 492 3103 baec
511 3043 546 3102 ab
565 3043 657 3121 impiis
676 3040 836 3100 bominibus
850 3043 1016 3117 excogitata
1031 3062 1110 3102 oom-

92 3143 177 3192 menta
193 3135 273 3193 velut
289 3133 417 3193 satanica
440 3128 584 3189 detestata
603 3137 661 3197 est,
689 3137 773 3204 grato
795 3145 909 3204 semper
931 3137 961 3184 et
983 3147 1109 3188 memore

93 3218 177 3277 animo
193 3217 465 3298 praestantissimum
482 3214 538 3276 boe
557 3211 663 3272 Christi
681 3211 851 3272 beneficium
870 3229 1039 3290 agnoscens.

162 3358 188 3403 C.
198 3359 227 3405 ll.
262 3355 303 3401 De
313 3357 416 3401 ratione
428 3351 601 3399 institutionis
610 3353 770 3397 sanctissime·
777 3349 853 3397 baius
863 3353 1029 3398 sacramenti.

171 3455 248 3534 Ergo
267 3455 402 3516 Salvator
419 3463 531 3523 noster,
551 3449 727 3510 discessurus
746 3471 783 3510 ex
800 3451 856 3511 boc
867 3449 983 3524 ¹mundo
1001 3451 1037 3511 ad
1056 3451 1111 3512 Pa·

97 3545 173 3610 trem,
199 3551 405 3601 sacramentum
433 3539 488 3597 boc
514 3537 649 3607 instituit,
677 3539 706 3595 iu
734 3557 789 3615 quo
816 3535 929 3595 divitias
956 3536 1043 3597 divini
1066 3541 1110 3597 sui

98 3638 160 3700 erga
177 3627 301 3687 homines
324 3627 429 3684 amoris
446 3623 523 3682 velut
541 3620 654 3692 effudit,
678 3623 842 3680 memoriam
865 3622 974 3681 iaciens
995 3623 1110 3682 mirabi-

100 3763 295 3782 ’.Μ-ι-

143 3837 215 3886 Sesr.
228 3843 300 3887 Xlll.
327 3846 346 3889 ll
358 3841 388 3884 cl.
399 3840 464 3886 Son.
475 3838 521 3883 ΙΙΙ.
531 3840 557 3882 in
566 3838 636 3892 symb.
651 3860 675 3870 -
700 3839 724 3889 2)
733 3837 816 3881 Matth.
826 3837 896 3882 xlx.
910 3841 942 3882 26.
950 3839 1006 3882 Luc.
1016 3840 1109 3883 XVlll.

97 3887 128 3930 ²l·
143 3913 167 3924 -
190 3896 213 3947 t)
226 3894 308 3938 ldcttla.
321 3891 414 3938 XXVI.
428 3893 521 3934 at-ae.
540 3891 611 3934 idere.
621 3887 688 3932 XIV.
698 3891 791 3932 aa-at.
810 3890 867 3934 hue.
877 3888 960 3934 xxii.
977 3893 1009 3935 1⁹.
1024 3905 1072 3946 req.
1084 3915 1110 3924 -

101 3939 121 3990 ⁴)
130 3943 139 3982 l
149 3941 197 3989 Cor.
207 3945 374 4000 xrsaieq-
387 3947 410 3998 a)
421 3943 498 3989 urin.
510 3939 555 3986 lll.
565 3944 597 3986 tt.
