2654 4334
244 233 408 306 sassie
433 241 520 300 xxv.
554 241 614 300 ou
638 241 737 300 auu.
763 242 819 300 ur
842 243 951 342 mou.
1039 243 1114 306 aea

79 379 172 466 Quod
194 390 221 449 si
242 400 329 450 antea
350 387 476 449 habitum
499 385 601 469 spirate
625 386 777 460 dimiserit,
793 389 962 448 'nullatenus
984 383 1020 448 ad
1044 387 1115 448 alle·

82 474 429 556 gentiamque-tanqua
448 493 561 534 causam
580 474 758 546 admittatur,
781 472 833 533 sed
856 473 893 533 ad
911 475 1115 534 monasterium

80 561 185 623 redire
210 571 345 640 cogatur,
377 569 409 620 et
428 570 562 641 tanquam
584 570 717 639 apostata
738 559 884 639 puniatur3
908 560 1021 618 interim
1043 578 1113 620 vero
1161 585 1166 620 :

80 648 165 708 nullo
188 647 342 726 privilegio
365 665 433 706 suae
456 646 606 724 religionis
628 645 750 705 iuvetur.
804 643 898 705 Nemo
921 647 1007 704 etiam
1029 664 1115 724 regu·

81 735 153 792 laris
183 734 376 811 cuiuscunque
402 731 547 792 facultatis
573 733 674 810 rigore
702 731 891 791 transferatur
912 728 948 789 ad
977 731 1115 793 laxiorem

81 819 258 897 religionem
269 820 313 892 ¹),
333 837 387 877 neo
406 816 491 877 detur
508 817 627 876 licentia
645 818 775 897 cuiquam
794 815 920 895 regulari
939 817 1053 876 occulte
1071 816 1116 876 fe·

81 903 169 964 rendi
188 903 314 964 babitmu
332 922 402 963 suae
420 904 579 982 religionis.
1166 905 1169 914 '

104 1044 133 1090 0.
152 1041 215 1090 XX.
251 1041 402 1102 Superiores
420 1041 537 1088 ordinum
554 1041 679 1102 episcopie
696 1055 747 1087 non
765 1041 875 1090 subiecto·
890 1041 1020 1104 iuferiora
1042 1053 1098 1086 ruo·

220 1112 341 1158 casteria
358 1112 463 1158 eisitcrat
482 1123 515 1157 ac
533 1111 676 1170 corrigant,
696 1112 776 1157 etiam
793 1109 978 1156 commendata.

170 1195 316 1267 Abbates,
341 1196 388 1274 qui
411 1204 476 1253 sunt
498 1192 628 1270 ordinum
648 1195 758 1273 capita,
781 1213 816 1252 ac
836 1194 928 1253 ceteri
950 1192 1117 1274 praedicto·

81 1301 146 1342 rum
167 1280 299 1340 ordinum
322 1281 487 1360 superiores
510 1281 653 1360 episeopis
672 1299 728 1338 aon
748 1278 884 1350 subiecti,
905 1281 1006 1358 quibus
1024 1289 1069 1338 est
1085 1282 1116 1338 in

81 1369 143 1426 alia
161 1368 302 1427 inferiora
319 1367 493 1425 monasteria
515 1367 696 1444 prioratnsve
719 1365 847 1443 legitima
870 1363 1046 1436 iurisdictio,
1066 1383 1116 1424 ea·

82 1453 151 1512 dero
172 1453 222 1512 illa
241 1453 295 1512 sibi
314 1450 427 1511 subdita
445 1452 620 1510 monasteria
639 1461 668 1510 et
685 1452 830 1530 prioratus
848 1470 899 1510 suo
919 1447 1036 1530 quisque
1048 1451 1115 1510 loco

83 1550 174 1617 atque
198 1536 301 1597 ordine
324 1556 362 1596 ex
385 1537 478 1597 officio
501 1538 631 1607 visitent,
660 1539 745 1596 etiam
769 1539 794 1596 si
817 1534 1015 1596 commendata
1039 1537 1115 1595 exsi-

74 1633 174 1683 stant.
221 1623 300 1697 Quae
324 1643 406 1702 quum
424 1622 554 1682 ordinum
573 1641 687 1681 suorum
707 1619 847 1700 capitibus
866 1619 989 1693 subsint,
1017 1619 1116 1680 decla·
1126 1629 1169 1673 ²1³

81 1720 132 1768 rat
149 1718 252 1768 sancta
270 1707 409 1788 synodus,
430 1709 459 1765 in
478 1709 527 1778 iis,
554 1727 626 1786 quae
644 1708 716 1766 alias
735 1705 771 1766 de
789 1707 953 1766 visitatione
972 1717 1116 1767 monaste·

82 1796 195 1854 riorum
210 1792 471 1854 commendatorum
482 1792 599 1852 delinita
617 1795 731 1868 sunt2),
751 1812 806 1850 non
818 1810 881 1851 esse
893 1794 1114 1871 comprehensaq

82 1890 297 1960 tenereturque
330 1882 489 1959 quicunque
521 1877 733 1957 praedictorum
768 1873 897 1936 ordinum
934 1881 1115 1940 monasteriis

82 1976 238 2046 praesunt,
271 1965 436 2044 praedictos
467 1965 632 2024 visitatores
659 1964 806 2042 recipere,
839 1973 870 2022 et
896 1963 1009 2023 illorum
1037 1963 1115 2024 ordi·

81 2053 220 2111 namanes
238 2053 366 2131 exsequi.
403 2050 468 2131 lpsa
485 2068 598 2131 quoque
616 2051 799 2120 monasteria,
818 2067 891 2129 quae
906 2059 971 2108 sunt
985 2049 1116 2110 ordinum

84 2139 198 2217 capita,
226 2138 306 2196 iuxta
332 2147 451 2197 sauctae
478 2135 554 2196 sedis
581 2135 759 2216 apostolicae
785 2145 817 2194 et
842 2136 979 2214 cuiusque
1007 2134 1116 2196 ordinis

83 2224 309 2284 comtitutiouee
340 2223 500 2282 visitentur.
550 2220 588 2280 llt
620 2219 751 2300 quamdiu
783 2217 926 2280 durabunt
955 2221 1115 2283 huiusmodi

82 2307 285 2380 commendas,
304 2311 417 2388 priores
436 2308 618 2379 claustrales,
638 2317 687 2369 aut
704 2308 733 2365 in
751 2305 927 2386 prioratibus
945 2319 1115 2368 conventum

82 2394 260 2455 habentibus
277 2397 456 2474 superiores,
479 2396 527 2473 qui
550 2394 749 2453 correctiones
772 2403 803 2453 et
820 2392 968 2473 spirituale
986 2395 1115 2472 regimen

81 2490 243 2551 exerceat,
270 2499 294 2555 a
316 2481 449 2560 capitulis
471 2479 655 2558 generalibus
680 2479 727 2539 vel
754 2480 880 2559 ipsorum
899 2476 1029 2539 ordinum
1047 2481 1117 2540 risi·
1208 2472 1213 2480 ⁸

83 2565 229 2624 tatoribus
246 2566 439 2625 instituantur.
485 2564 516 2625 la
540 2567 647 2625 ceteris
672 2565 802 2624 omnibus
824 2565 1018 2645 praelatorum
1037 2564 1116 2626 ordi·

82 2671 152 2710 uam
171 2652 323 2730 privilegia
341 2663 373 2712 et
393 2651 560 2722 facultates,
585 2667 657 2730 quae
680 2652 806 2730 ipsorum
824 2668 976 2730 personas,
1001 2652 1067 2713 loca
1086 2663 1117 2712 et

83 2738 149 2796 iure
168 2747 360 2810 concernunt,
380 2737 461 2796 lirma
478 2737 535 2796 siat
553 2746 584 2795 et
601 2735 711 2796 illaesa.
753 2809 754 2812 Ἴ

114 2877 144 2922 C.
164 2875 237 2924 xxi.
271 2873 439 2926 -Monostcra'u
456 2874 619 2940 regularibus
638 2875 820 2938 conseruntur.
858 2871 981 2921 &dirum
999 2877 1088 2936 capita

343 2946 439 2991 murini
452 2946 479 2992 in
493 2949 627 3004 porterum
646 2939 859 2991 commendentur.
1141 2959 1144 2966 ·

174 3028 264 3101 Quum
282 3029 419 3108 pleraque
438 3029 627 3101 monasteria,
651 3025 736 3086 etiam
755 3025 904 3098 abbatiae,
923 3027 1067 3106 prioratus
1085 3038 1116 3086 et

83 3115 319 3196 praepositurae,
344 3133 381 3174 ex
404 3114 477 3174 mala
496 3133 609 3185 eorum,
629 3112 729 3193 quibus
748 3113 898 3172 commissa
916 3112 1044 3184 luerunt,
1064 3110 1116 3172 ad·

83 3201 296 3260 ministratione
315 3220 372 3258 uon
392 3201 466 3259 levia
483 3219 567 3280 passa
586 3200 693 3259 luerint
711 3209 768 3258 tam
786 3199 814 3256 in
825 3196 1018 3277 spiritualibus
1033 3218 1115 3278 quam

83 3289 114 3345 in
133 3285 339 3364 temporalibus
361 3284 546 3358 detrimenta,
575 3285 654 3364 cupit
671 3294 770 3344 sancta
789 3282 914 3363 synodus
937 3301 972 3364 ea
990 3280 1026 3341 ad
1045 3303 1115 3343 con·

84 3391 186 3450 gruum
206 3371 382 3431 monasticae
400 3374 476 3432 vitae
496 3371 674 3450 disciplinam
693 3371 807 3429 omniuo
822 3387 971 3429 revocare.
1007 3366 1115 3428 Verum

84 3456 160 3516 adeo
180 3454 252 3516 dura
270 3455 449 3538 difficilisque
468 3468 512 3518 est
528 3457 721 3536 praesentium
741 3465 898 3535 temporum
918 3452 1060 3527 conditio,
1084 3464 1116 3513 ut
1195 3528 1199 3536 ι

85 3562 140 3603 uec
160 3544 255 3602 statim
274 3542 417 3615 omnibus,
442 3562 495 3603 nec
519 3561 666 3602 commune
684 3540 804 3619 ubique,
829 3537 904 3620 quod
922 3546 1050 3618 optaret,
1068 3560 1115 3600 ra·

86 3627 210 3688 medium
228 3631 319 3707 possit
341 3627 481 3690 adbiberi.
518 3625 556 3687 Ut
578 3638 673 3687 tamen
696 3626 765 3685 nibil
788 3627 1011 3706 praetermittat,
1039 3624 1114 3686 unde

86 3712 245 3792 praedictis
268 3713 423 3774 salubriter
445 3711 597 3794 aliquando
620 3710 766 3794 provideri
783 3713 888 3793 possit,
915 3712 1034 3792 primum
1054 3713 1114 3790 qui·

86 3931 123 3974 “f
136 3879 215 3976 Sesars.
230 3879 310 3924 XXV.
338 3883 359 3930 tt
378 3878 409 3924 cl.
424 3880 488 3926 Sem.
502 3878 569 3924 XIV.
585 3893 604 3924 c.
615 3881 647 3924 tt.
667 3879 695 3922 de
710 3876 754 3921 ref.
768 3900 794 3911 -
833 3880 855 3932 2)
874 3877 905 3954 el.
920 3875 985 3928 Sem.
1000 3873 1069 3919 XXI.
1087 3877 1116 3922 de
