2654 4330
195 253 274 314 140
317 251 481 311 sussto
507 252 610 309 xxw.
643 250 939 308 DE'REFORM.
965 253 1104 312 MATR·
1205 311 1225 340 .-

40 418 43 431 ·
142 421 183 464 ms
196 395 418 456 inobedientiam
437 395 492 454 iam
508 413 565 453 non
573 392 722 473 prodesse,
741 406 771 456 et
788 396 888 470 gravia
904 405 1027 473 peccata
1042 393 1224 473 perpendat,

197 501 268 560 quae
288 501 325 541 en
343 479 450 542 eisdem
470 479 655 560 clandestinis
674 479 815 558 coniugiis
834 489 925 538 ortum
944 478 1065 550 habeut,
1084 499 1225 558 praescr·-

196 569 338 627 timuero
361 583 474 638 eorum,
502 567 548 645 qui
571 567 600 624 in
623 573 698 626 statu
720 563 910 628 damnationis
931 575 1114 644 permanent,
1143 565 1220 637 dum,

133 703 141 710 .
196 651 292 733 prio're
315 671 421 723 uxore,
448 671 511 710 cum
530 670 585 730 qua
608 652 681 710 clam
704 660 923 722 contraxerant,
950 651 1053 710 relicta
1076 669 1141 710 cum
1164 651 1225 710 alia

162 783 169 791 .
197 739 288 816 palam
308 736 493 808 contrahunt,
521 745 552 795 et
573 755 637 794 cum
664 755 700 795 ea
725 737 755 794 iu
781 747 922 815 perpetuo
949 735 1092 795 adulterio
1112 737 1226 807 vivunt,

198 824 243 883 eui
262 823 336 882 malo
355 841 438 900 quum
456 821 492 879 ab
503 821 638 892 ecclesia,
657 839 730 900 quae
749 820 785 880 de
804 821 925 882 occultis
943 840 1000 879 nou
1017 819 1136 892 iudicat,
1156 841 1226 881 suc-

197 909 274 968 curri
293 927 348 966 uon
367 907 472 985 possit,
491 907 546 965 uisi
564 904 708 966 efficacius
725 905 840 985 aliquod
858 904 1014 966 remedium
1037 905 1227 977 adhibeatur„
1247 955 1253 960 .

197 992 307 1053 idcirco
330 993 405 1052 sacri
428 989 632 1050 Laterauensis
654 992 808 1063 concilii1)
832 991 883 1051 sub
907 990 1075 1051 Innocentio
1095 991 1147 1051 lll.
1174 1009 1226 1050 ce-

198 1078 300 1138 lebrati
321 1076 450 1153 vestigiis
472 1075 650 1136 inhaerendo
678 1079 829 1155 praecipit,
853 1078 934 1135 utin
956 1087 1110 1156 posterum,
1140 1087 1228 1136 aute-

198 1181 280 1240 quam
298 1162 505 1220 matrimonium
524 1162 723 1234 eontrahatur,
748 1172 793 1222 ter
814 1183 832 1220 a
853 1163 971 1243 proprio
990 1162 1225 1222 contrahentium

198 1247 325 1326 parocho
344 1246 434 1308 tribus
453 1249 595 1307 continuis
617 1245 718 1306 diebus
741 1248 850 1306 festivis
869 1249 897 1305 in
915 1247 1041 1306 ecclesia
1059 1249 1137 1308 inter
1153 1249 1229 1306 mis·

198 1353 290 1392 earum
313 1333 443 1391 solennia
461 1332 576 1411 publice
599 1331 802 1402 denuncietur,
826 1333 902 1392 iuter
920 1351 992 1412 quos
1010 1333 1223 1393 matrimonium

198 1420 235 1477 sit
258 1415 498 1490 contrahendum
532 1417 633 1497 quibus
656 1417 923 1477 denunciationibus
945 1419 1044 1489 facus,
1068 1419 1092 1476 si
1116 1418 1227 1477 nullum

198 1501 353 1581 legitimum
376 1514 537 1581 opponatur
558 1502 802 1582 impedimentum,
821 1502 856 1566 ad
876 1503 1109 1563 celebrationem·
1123 1505 1228 1562 matri-

197 1588 284 1647 monii
312 1591 339 1646 iu
366 1589 442 1647 facie
471 1589 613 1648 ecclesiae
636 1587 825 1667 procedatur,
853 1589 901 1647 ubi
926 1589 1083 1667 parochus,
1109 1591 1174 1648 viro
1193 1599 1226 1648 et

198 1673 316 1733 muliere
336 1675 536 1751 interrogatis,
556 1684 702 1734 eteorum
721 1684 817 1732 mutuo
837 1693 977 1734 consensu
996 1675 1154 1745 intellecto,
1175 1674 1223 1733 vel
1323 1693 1324 1712 ι

198 1758 291 1818 dicat:
328 1757 393 1836 Ego
416 1777 467 1817 vos
490 1760 519 1816 iu
542 1761 749 1820 matrimonium
769 1761 911 1837 couiuugo
930 1761 959 1819 in
981 1761 1095 1819 nomine
1117 1759 1224 1829 Patris,

175 1860 178 1875 ·
198 1861 228 1903 et
245 1843 309 1903 Filii
326 1855 357 1903 et
375 1843 498 1922 Spiritus
516 1847 618 1916 sancti,
646 1845 691 1904 vel
710 1845 774 1905 aliis
792 1855 888 1904 utetur
904 1845 1013 1916 verbis,
1041 1847 1120 1904 iuxta
1137 1863 1225 1904 rece·

196 1939 274 2009 ptum
292 1931 511 2010 uniuscuiusque
529 1932 695 2009 provinciae
713 1932 809 1990 ritum.
840 1927 921 2004 Quod
940 1932 963 1989 si
982 1929 1134 2009 aliquando
1153 1951 1224 2008 pro-
1323 1933 1324 1952 ³

196 2015 299 2075 babilis
316 2017 403 2075 luerit
426 2017 565 2094 suspicio,
588 2017 797 2076 matrimonium
815 2016 956 2075 malitiose
974 2014 1107 2094 impediri
1125 2035 1223 2094 posse,

182 2103 222 2160 si
240 2111 283 2160 tot
300 2103 513 2179 praecesserint
534 2099 783 2172 denuntiationes,
808 2110 875 2161 tuuc
896 2102 943 2160 vel
966 2121 1021 2159 uua
1043 2110 1150 2160 tantum
1171 2099 1223 2160 de-

197 2187 342 2244 nunciatio
366 2186 428 2256 liat,
453 2187 498 2245 vel
522 2186 622 2245 saltem
645 2186 774 2264 parocho
793 2197 823 2245 et
841 2186 950 2246 duobus
968 2187 1013 2245 vel
1032 2187 1121 2245 tribus
1139 2188 1223 2246 testi·
1322 2199 1323 2260 t

196 2271 249 2329 bus
266 2271 463 2349 praesentibus
486 2272 693 2330 matrimonium
712 2271 884 2331 celebretur.
928 2270 1039 2330 Deinde
1062 2282 1128 2331 aute
1146 2271 1223 2330 illius
1322 2267 1323 2290 ¹

198 2357 469 2416 consummationem
492 2354 728 2415 denunciationes
751 2357 780 2414 in
803 2358 928 2416 ecclesia
947 2358 1030 2428 liant,
1054 2367 1098 2428 ut,
1122 2357 1147 2416 si
1168 2357 1223 2417 ali·

194 2460 253 2521 qua
269 2442 388 2501 subsunt
405 2439 619 2519 impedimenta,
642 2442 754 2500 facilius
772 2441 958 2520 detegantur,
981 2443 1035 2501 uisi
1059 2441 1223 2502 ordinarius

197 2529 258 2605 ipse
277 2524 414 2604 expedire
434 2523 613 2597 iudicaverit,
632 2536 664 2585 ut
682 2526 849 2605 praedictae
868 2526 1105 2588 denuntiationes
1123 2530 1224 2587 remit·
1321 2555 1322 2558 ¹

197 2621 306 2682 tantur,
334 2610 410 2690 quod
432 2611 507 2670 illius
534 2611 703 2689 prudentiae
731 2623 761 2671 ct
787 2612 893 2673 iudicio
912 2621 1012 2671 sancta
1029 2611 1156 2693 synodus
1173 2632 1224 2672 re·

197 2698 308 2775 linquit.
354 2695 407 2770 Qut
426 2697 527 2768 aliter,
548 2715 630 2776 quam
648 2708 802 2776 praesente
821 2699 963 2778 parocho,
981 2698 1028 2758 vel
1047 2698 1105 2757 alio
1123 2718 1224 2758 sacer-

195 2779 264 2841 dote
289 2780 325 2841 de
348 2781 436 2860 ipsius
458 2783 577 2861 parochi
601 2803 651 2842 scu
671 2783 808 2844 ordinarii
832 2784 961 2855 lieentia,
990 2793 1020 2842 et
1043 2783 1153 2844 duobus
1175 2785 1224 2844 vel

194 2866 286 2927 tribus
302 2867 422 2926 testibus
436 2870 642 2927 matrimonium
662 2869 834 2928 contrahere
853 2869 1040 2940 attentabunt,
1060 2879 1224 2930 cossancta
1320 2883 1321 2940 ᾗ

143 2973 182 3016 ma
196 2952 321 3034 synodus
336 2952 658 3013 adsiccoutraheudum
678 2957 791 3012 omniuo
810 2954 950 3014 inhabiles
959 2953 1065 3026 reddit,
1084 2955 1225 3015 etbuius·
1320 2957 1321 3026 l

195 3037 273 3098 modi
297 3049 462 3099 contractus
489 3039 586 3098 irritos
614 3051 644 3098 et
670 3039 762 3098 nullos
789 3033 853 3098 esse
872 3038 1030 3112 decernit,
1057 3052 1143 3120 prout
1170 3059 1224 3100 eos

195 3125 341 3201 praesenti
359 3123 479 3184 decreto
499 3125 597 3184 irritos
617 3125 688 3184 lacit
706 3135 736 3183 et
755 3125 889 3183 annullat.
935 3122 1225 3205 insuperparochum

193 3209 241 3267 vel
263 3209 348 3268 alium
371 3208 569 3280 sacerdotem,
601 3212 649 3290 qui
673 3229 735 3269 cum
759 3213 868 3270 minore
892 3212 1005 3270 testium
1029 3229 1163 3283 numero,
1193 3221 1224 3270 et
1319 3239 1320 3254 ι

195 3304 299 3368 testes,
325 3295 455 3374 quisine
477 3294 606 3373 parocho
629 3293 677 3354 vel
698 3293 852 3355 sacerdote
875 3294 1035 3356 huiusmodi
1058 3299 1225 3356 contractui

130 3405 141 3426 ι
192 3381 391 3452 interfuerint,
419 3398 474 3440 nec
493 3399 549 3439 uon
568 3381 645 3459 ipsos
665 3381 868 3440 contrahentes
885 3383 1014 3460 graviter
1031 3381 1153 3441 arbitrio
1172 3401 1224 3441 or·
1319 3385 1320 3390 ’

195 3461 298 3523 dinarii
322 3467 415 3544 puniri
442 3466 596 3546 praecipit.
651 3465 808 3527 Praeterea
831 3465 931 3526 eadem
962 3475 1061 3526 sancta
1094 3466 1223 3547 synodus

192 3547 342 3622 bortatur,
366 3560 400 3609 ut
418 3553 557 3629 coniuges
585 3561 652 3611 ante
671 3551 902 3611 benedictionem
912 3554 940 3627 ²)
960 3549 1173 3613 sacerdotalem
1191 3554 1226 3612 in

191 3785 194 3790 ¹
246 3765 324 3810 Seu.
339 3765 432 3810 XXlV.
459 3767 589 3822 t)e.e.x.
605 3768 635 3811 de
650 3766 726 3812 elend.
741 3768 807 3824 desp.
822 3767 898 3811 lv.e.
914 3767 1006 3812 stiria.
1022 3770 1175 3814 intersonat.
1191 3782 1225 3814 ιι

194 3823 243 3860 ent.
253 3818 304 3882 iprae
315 3817 393 3860 desum
412 3821 429 3860 t.
439 3830 483 3912 per
493 3833 557 3864 conc.
568 3817 637 3863 Trid.
652 3821 781 3863 innovatus.
796 3843 821 3854 -
846 3822 868 3874 2)
879 3818 910 3864 cl.
921 3834 941 3863 e.
951 3823 971 3864 ².
989 3821 1031 3872 (οι
1049 3852 1055 3864 .
1066 3821 1125 3875 ltep.
1134 3822 1186 3874 Fr.)
1203 3835 1228 3866 e.

195 3867 393 3976 lchb¹lllglmlffi
408 3897 413 3911 .
429 3872 436 3922 (
456 3873 498 3913 tet.
510 3870 568 3914 ecel.
579 3875 639 3925 eut.)
653 3871 679 3914 0.
690 3871 772 3914 XXX.
782 3883 820 3925 qu.
829 3873 850 3915 b.
861 3885 881 3915 c.
892 3871 924 3915 tt.
936 3871 962 3915 G.
972 3871 1021 3916 XX
1047 3871 1076 3917 V.
1087 3886 1126 3928 qu.
1136 3876 1157 3916 ².
1168 3879 1225 3961 pes.

364 3933 381 3962 Γ,
