2654 4330
606 23 621 60 χ
693 1 696 3 v
756 69 770 89 ἰ

190 239 272 298 nos
314 198 455 294 ansero
471 231 571 288 xvun
589 231 704 288 ssuv.
723 185 930 288 concurr.
947 189 1064 284 oou'c
1077 225 1165 280 nnc

193 401 259 442 nam
276 378 426 450 veniendi,
454 375 615 456 ibidemque
633 373 780 447 manendi,
807 373 916 445 standi,
943 371 1091 446 morandi,
1114 393 1224 454 propo·

193 465 295 537 nendi,
324 463 475 544 loquendi,
503 483 559 524 una
582 481 645 528 cum
668 464 731 540 ipsa
751 460 863 542 synodo
882 459 919 519 do
938 460 1152 540 quibuscunque
1171 481 1223 520 ne-

105 534 113 554 *
195 552 282 630 gotiis
309 549 467 621 tractandi,
495 545 696 620 *examinandh
727 545 914 617 discutiendi,
942 556 972 606 et
998 548 1107 617 omnia,
1135 565 1223 626 qnae-

167 697 172 708 ,
196 653 308 717 cunque
326 639 396 717 ipsis
413 637 544 707 libuerit,
568 655 603 698 ae
621 634 758 696 articulos
777 631 920 712 quoslihet
936 642 993 692 ιιιιι
1010 633 1121 711 scripto
1140 651 1223 710 qnam
1310 687 1311 710 ,

193 724 283 786 verbo
309 724 400 784 libere
424 719 579 793 offerendi,
606 718 790 801 propalandi,
819 736 926 797 eosque
949 717 1098 797 scriptruis
1121 719 1222 788 sacris,

161 867 169 878 ,
194 819 225 868 et
242 810 392 870 beatorum
406 808 521 868 Patrem
535 808 647 878 verbis,
665 807 815 866 sententiis
827 815 859 864 et
871 805 1030 866 rationibus
1045 801 1222 874 declarandi,

194 893 360 954 adstruendi
375 905 405 955 et
418 891 623 972 persuadendi,
642 903 685 963 et,
705 894 729 952 si
743 911 814 970 opus
828 892 929 966 merit,
948 893 1033 950 etiam
1052 889 1088 949 ad
1107 890 1224 950 obiecta

194 981 312 1040 concilii
329 980 474 1059 generalis
492 977 686 1056 respondendi
704 990 735 1038 ct
753 997 816 1036 cum
835 979 883 1048 iis,
912 979 959 1056 qui
981 997 999 1037 a
1022 976 1149 1046 concilio
1171 974 1224 1034 de·
1311 971 1312 978 '

194 1066 263 1126 lecti
286 1065 408 1136 lirerim,
436 1063 613 1142 disputandi,
641 1073 690 1122 aut
713 1064 864 1124 caritative
882 1063 989 1143 absque
1008 1064 1085 1124 omni
1100 1063 1224 1143 impedi-

146 1161 289 1217 ssrmcnto
306 1148 491 1220 conierondi,
511 1150 688 1229 opprobriis,
707 1150 845 1208 conviciis
859 1168 894 1210 ac
913 1150 1093 1210 contumeliis
1110 1151 1225 1229 penitus

194 1238 326 1310 semotis;
354 1247 384 1296 et
410 1237 572 1315 signanter,
601 1233 677 1314 quod
704 1253 808 1294 causae
836 1246 1041 1296 controversae
1068 1235 1224 1298 secundnm

194 1343 305 1382 sacram
325 1323 496 1401 scripturam
521 1331 552 1381 et
567 1317 772 1400 Apostolorum
796 1317 981 1393 traditiones,
1008 1321 1130 1400 probata
1154 1341 1225 1381 con·
1312 1327 1313 1336 ¹

194 1408 262 1469 cilia
284 1420 315 1467 et
338 1407 500 1467 catholicae
524 1407 668 1468 ecclesiae
692 1426 860 1468 consensum
880 1417 910 1466 et
927 1418 1090 1467 sanctorum
1109 1407 1224 1466 Petrum

194 1495 383 1554 auctoritates
406 1494 436 1551 in
458 1490 609 1573 praedicto
634 1495 759 1553 concilio
777 1490 945 1554 Tridentino
970 1502 1145 1566 tractenturq
1173 1492 1224 1551 illo

194 1581 280 1639 ctiam
308 1577 422 1651 addito,
458 1589 490 1638 nt
516 1580 674 1659 religionis,
691 1589 843 1660 praetentu
870 1588 920 1639 aut
945 1576 1116 1638 delictorum
1146 1579 1225 1638 eirca
1313 1597 1314 1608 ¹

135 1710 138 1720 .
194 1686 256 1728 eam
291 1668 506 1725 commissorum
538 1677 588 1726 aut
619 1663 886 1725 committendorum
918 1665 1031 1725 minime
1061 1667 1224 1744 puniantur,

169 1819 173 1826 ι
193 1753 357 1832 impertitur
373 1772 409 1812 ac
428 1753 543 1811 omnino
563 1750 712 1823 concedit3
736 1751 778 1810 sic
797 1753 897 1822 etiam,
926 1759 957 1808 ut
972 1761 1094 1831 propter
1112 1751 1225 1810 illorum

193 1840 386 1918 praesentiam
409 1857 501 1918 noque
525 1839 554 1896 in
578 1839 682 1897 itinere
705 1848 754 1895 arnt
776 1855 944 1915 quocunque
968 1836 1096 1895 locorum
1120 1834 1225 1905 eundo,
1314 1859 1315 1872 ι

194 1923 336 1985 manendo
360 1935 410 1983 aut
431 1922 595 1995 redeundo,
623 1942 678 1984 nec
697 1925 726 1983 in
744 1925 807 2003 ipsa
825 1926 942 1984 civitate
960 1921 1129 1983 Tridentino
1147 1942 1165 1981 a
1183 1921 1226 1979 di-

154 2075 160 2080 „
192 2011 268 2069 vinis
287 2010 387 2070 officiis
407 2007 609 2089 quovismodo
628 2020 773 2084 cessetur3
801 2021 833 2070 et
849 2022 882 2070 nt
898 2009 942 2068 bis
959 2011 1086 2090 peractis
1103 2009 1151 2068 vcl
1170 2027 1226 2066 non

95 2138 98 2154 .
193 2099 334 2176 peractis,
364 2094 589 2175 quandocunque
617 2093 686 2174 ipsis
713 2095 842 2168 libuerit,
871 2106 920 2157 ant
946 2096 1083 2155 maiorum
1111 2113 1227 2154 suorum
1315 2093 1316 2106 ¹

194 2180 328 2241 mandato
352 2190 382 2240 et
403 2199 520 2262 assensu
543 2179 580 2239 ad
603 2183 721 2260 propria
743 2183 851 2240 reverti
874 2181 1025 2260 optabunt,
1052 2192 1102 2242 aut
1125 2180 1227 2260 aliquis

195 2285 295 2325 eorum
318 2265 443 2344 optabit,
471 2283 538 2324 mox
559 2264 666 2345 absque
689 2266 747 2326 ulla
769 2267 924 2328 renitentia
946 2278 977 2328 ct
999 2269 1155 2327 occasione
1179 2277 1228 2326 aut

195 2371 291 2423 mora,
311 2352 397 2411 salvis
415 2351 501 2410 rebus
519 2369 619 2410 corum
638 2362 668 2411 et
685 2371 799 2412 suorum
816 2355 928 2432 pariter
944 2354 1054 2414 bonore
1073 2363 1105 2414 et
1126 2370 1228 2433 perso·
1316 2365 1317 2394 ³

195 2439 240 2496 nis
266 2439 331 2497 vice
357 2455 456 2507 versa,
483 2438 595 2515 possint
620 2438 700 2498 iuxta
721 2437 932 2519 beneplacitum
956 2439 1047 2499 libere
1070 2449 1101 2500 et
1124 2457 1227 2498 secure

195 2520 308 2592 redire,
336 2517 372 2580 de
395 2521 518 2581 seientia
540 2532 635 2582 tamen
657 2524 693 2583 ab
716 2525 818 2586 eadem
845 2524 956 2606 synodo
985 2520 1227 2604 deputandorum,

195 2615 229 2666 ut
255 2618 322 2666 tunc
351 2615 511 2686 opportune
539 2627 636 2668 eornm
665 2613 812 2672 securitati
839 2613 945 2691 absque
974 2608 1041 2670 dolo
1069 2623 1099 2668 ct
1126 2607 1228 2668 frande

196 2691 392 2770 provideatur.
436 2691 507 2752 Vult
530 2695 615 2754 ctiam
638 2708 738 2756 sancta
760 2695 886 2776 synodus
908 2698 937 2755 in
959 2697 1014 2756 bac
1036 2695 1154 2775 publica
1172 2691 1228 2755 fide

197 2777 334 2858 salvoque
366 2776 510 2838 conductu
541 2800 640 2841 omnes
672 2801 853 2862 quascunque
885 2781 1027 2844 clausulas
1058 2779 1168 2840 includi
1200 2791 1230 2840 et

158 2881 162 2886 ·
198 2863 342 2923 contineri
360 2881 395 2924 ac
414 2884 466 2944 pro
485 2865 601 2926 inclusis
624 2867 738 2940 baberi,
767 2888 839 2949 quae
861 2889 914 2948 pro
937 2869 1036 2947 plena,
1064 2865 1177 2926 efficaci
1200 2876 1230 2925 et

198 2948 348 3009 sufficienti
366 2952 522 3011 securitate
541 2953 569 3011 in
589 2951 698 3024 eundo,
718 2953 819 3014 stando
839 2965 869 3014 et
882 2951 1029 3015 redeundo
1045 2953 1229 3012 necessariae

104 3055 106 3058 ·
199 3047 229 3094 et
255 3045 434 3116 opportunae
457 3038 572 3096 luerint.
618 3037 691 3098 Illud
714 3040 799 3099 ctiam
822 3037 859 3099 ad
882 3041 1018 3102 maiorem
1042 3040 1228 3100 securitatem

198 3129 230 3180 et
255 3121 336 3200 pacis
360 3141 395 3182 ac
418 3124 630 3184 conciliationis
653 3124 758 3185 bonum
781 3127 957 3206 exprimens,
987 3123 1076 3204 quod,
1104 3126 1129 3186 si
1153 3123 1229 3204 quis·

197 3207 287 3286 piam,
316 3217 366 3266 aut
382 3207 495 3268 illorum
513 3207 613 3289 aliqui,
642 3212 701 3270 sive
720 3211 749 3269 in
768 3212 871 3272 itincre
889 3209 1055 3272 Tridentum
1073 3208 1228 3276 veniendo,

198 3294 259 3352 sive
286 3291 393 3352 ibidem
419 3293 556 3353 morando
584 3303 634 3353 ant
659 3295 821 3369 redeundo,
850 3296 965 3377 aliquod
993 3316 1124 3367 enorme,
1153 3291 1230 3376 quod

132 3431 144 3450 ,
199 3379 289 3449 absit,
317 3379 431 3456 egerint
453 3390 502 3438 aut
520 3381 729 3454 commiserint,
745 3392 813 3461 ‘qno
832 3393 931 3462 posset
948 3381 1030 3443 lanins
1049 3379 1116 3441 fidei
1135 3379 1229 3461 publi·

200 3481 253 3521 cac
273 3473 303 3522 et
320 3467 544 3525 assecurationis
565 3463 735 3527 beneficium
760 3469 802 3528 eis
827 3487 994 3530 eoncessum
1017 3465 1159 3528 annullari
1182 3475 1231 3524 aut

201 3548 323 3618 cassari,
341 3549 402 3607 vult
416 3560 446 3609 et
464 3549 613 3624 concedit,
633 3561 664 3612 ot
681 3554 709 3612 in
728 3553 887 3615 huiusmodi
905 3557 1036 3615 facinora
1055 3549 1229 3633 deprehensi

127 3712 133 3718 Π
200 3631 236 3691 ab
255 3633 324 3712 ipsis
342 3630 492 3707 duntaxat,
521 3647 551 3696 ct
568 3657 625 3696 non
642 3638 678 3697 ab
697 3638 775 3711 aliis,
804 3639 946 3722 condigna
970 3637 1227 3707 animadversione,

201 3736 265 3779 cum
288 3716 409 3778 emenda
432 3721 591 3795 sufficienti,
604 3743 658 3804 per
678 3736 788 3806 partem
812 3727 899 3807 ipsius
922 3725 1024 3807 synodi
1048 3726 1151 3785 merito
1179 3743 1229 3802 ap-

92 3861 95 3868 ,
150 3833 189 3878 „2
200 3802 350 3882 probanda
368 3815 399 3864 at
416 3805 571 3879 laudanda,
595 3829 661 3870 mox
677 3814 845 3891 puniantur3
874 3813 986 3890 illorum
1006 3811 1229 3874 assecurationis

201 3889 307 3963 foruna,
340 3887 551 3951 conditionibus
578 3905 607 3952 et
633 3895 725 3956 modis
754 3901 868 3957 omnino
897 3899 1073 3960 manentibus
1100 3895 1228 3956 illibatis.
