2652 4330
279 257 445 312 anesio
467 257 511 314 Vi.
539 257 915 318 nniusrlntctn.
1058 263 1108 324 85

94 404 241 475 onnes1),
269 402 458 480 unusquisque
481 401 557 460 sicut
578 401 805 462 misericordiam
818 413 854 463 et
871 405 1042 478 bonitatem,
1070 403 1111 466 ita

94 489 269 548 severitatem
291 497 321 544 et
342 483 477 546 iudicium
502 497 568 545 ante
588 487 688 546 oculos
707 487 814 550 habere
834 487 936 564 debet,
967 510 1060 570 neque
1078 509 1110 552 oe

94 575 174 654 ipsum
193 573 309 654 aliquis,
337 573 422 630 etiam
440 573 465 630 si
483 572 552 630 nihil
570 573 625 632 sihi
643 575 776 633 conscius
794 575 882 634 fuerit
894 577 938 651 ²),
966 575 1110 651 iudieare;

94 659 216 740 quoniam
237 659 327 716 omnis
345 657 489 716 hominum
507 661 566 717 vita
585 676 641 718 nou
659 659 782 718 humano
800 659 907 720 iudicio
922 661 1112 722 examinanda

93 756 119 804 et
137 742 289 802 iudicanda
307 753 364 814 est,
392 739 444 802 sed
461 741 530 815 Dei,
559 745 613 823 qui
631 745 813 804 illuminabit
833 745 1008 806 abscondita
1032 757 1113 807 tene-

94 831 204 889 irarum
218 827 263 901 Ι),
297 835 328 885 et
349 825 556 902 monffeetatit
579 829 706 888 oonsilio
732 832 880 891 cordium:
909 841 941 890 et
961 843 1029 893 tuno
1052 833 1113 892 laus

93 917 143 974 erit
158 913 309 990 unicuique
328 909 441 980 alteo,
461 910 522 989 qui,
545 919 577 968 ut
594 913 730 990 seriptum
748 925 793 972 est
804 918 848 990 ⁴),
876 918 984 977 reddet
1000 919 1114 978 um‘oui·

94 1021 143 1080 que
158 999 315 1082 seeundum
334 1013 427 1074 opero
444 1013 508 1053 sun.
605 1023 607 1028 ⁴

170 1083 239 1144 Post
262 1081 336 1140 hano
362 1078 533 1139 catholicam
552 1078 588 1140 de
607 1081 809 1142 iustificatione
829 1083 1003 1161 doctrinam,
1032 1108 1113 1167 quain

94 1171 140 1229 nisi
158 1169 273 1250 quisque
293 1163 418 1225 fideliter
435 1163 609 1246 firmiterque
629 1170 788 1246 receperit,
806 1170 956 1230 iustificari
975 1193 1032 1231 non
1049 1185 1114 1252 pot-
1146 1239 1154 1246 ¹

94 1255 155 1325 erit,
177 1253 286 1332 placuit
300 1261 417 1311 sanetae
433 1248 544 1329 synodo
559 1250 612 1310 hos
628 1271 754 1313 canones
769 1253 951 1334 subiungere,
971 1267 1002 1316 ut
1016 1278 1114 1318 omnes

94 1341 191 1411 sciant,
210 1357 268 1397 non
287 1335 378 1395 solum
396 1334 463 1415 quid
477 1345 582 1402 ¹tenere
601 1347 632 1396 et
648 1340 743 1416 sequi,
763 1338 919 1400 sedetiam
938 1341 1004 1421 quid
1022 1345 1113 1404 vitare

94 1436 119 1484 et
134 1423 231 1504 ingere
250 1419 385 1481 debeant.

366 1579 419 1626 Μ
450 1579 830 1634 ΠΙΙΙῚΠΘΑῊΟΝΙ.
1122 1596 1149 1636 tt

168 1683 270 1741 Canon
293 1677 316 1739 1.
366 1675 398 1738 Si
426 1681 488 1758 quis
515 1675 635 1752 dixerit,
667 1681 811 1742 hominem
840 1686 897 1744 suis
924 1685 1112 1764 operibus5),

94 1788 156 1848 quae
177 1769 222 1826 vei
245 1785 302 1846 per
324 1765 463 1824 humanae
487 1776 605 1825 naturae
627 1768 704 1826 vires
726 1769 772 1828 vel
789 1789 843 1848 per
860 1770 934 1848 legis
953 1769 1127 1869 doctriuamp
1156 1809 1173 1853 η

94 1853 166 1924 iant,
193 1851 302 1931 absque
326 1848 421 1910 divina
442 1869 496 1930 per
518 1849 610 1910 lesum
629 1851 771 1912 Christum
794 1856 889 1933 gratia
910 1874 995 1934 posse
1014 1855 1128 1914 iustiti-³

95 1941 146 1997 oari
164 1957 263 1999 coram
281 1937 359 1996 Deo:
379 1935 529 1995 anathema
547 1937 594 1995 sit.

170 2024 236 2082 Cin.
261 2021 297 2081 11.
344 2019 376 2080 Si
395 2023 456 2102 quis
475 2021 591 2093 dixerit,
609 2020 646 2080 ad
664 2022 720 2081 hoc
740 2022 828 2082 solum
849 2023 972 2084 divinam
991 2026 1113 2103 gratiam

77 2129 139 2189 per
156 2109 300 2169 Christum
320 2107 412 2167 Iesum
431 2105 503 2179 dari,
523 2118 555 2166 ut
571 2107 685 2167 facilius
703 2109 789 2167 homo
808 2110 881 2169 iuste
899 2111 998 2170 vivere
1017 2130 1053 2169 ae
1071 2111 1114 2170 vi·

95 2205 143 2254 un
164 2206 311 2256 aeternam
334 2194 493 2274 promereri
511 2195 616 2272 possit,
646 2195 725 2272 quasi
747 2213 801 2274 per
822 2195 942 2256 iiherum
966 2196 1114 2256 arbitrium
1146 2213 1183 2290 n*

95 2281 148 2340 sine
169 2281 264 2360 gratia
287 2289 450 2358 utrumque,
478 2276 530 2338 sed
553 2297 641 2357 aegre
666 2289 760 2338 tamen
783 2290 814 2338 et
836 2279 988 2341 difficulter
1007 2223 1129 2362 possitzi

96 2367 234 2427 anathema
253 2367 300 2424 ait

171 2453 239 2512 Cia.
261 2449 313 2510 111.
359 2447 476 2530 Siquis
500 2448 653 2524 dixerut),
677 2451 739 2509 sine
761 2451 966 2550 praeveniente
991 2449 1114 2531 Spiritus
1136 2487 1142 2532 p

96 2540 177 2597 saneti
199 2537 390 2616 inspiratione
403 2537 432 2610 1)
457 2544 542 2613 atque
567 2537 628 2594 eius
652 2534 796 2594 adiutorio
820 2537 962 2596 hominem
982 2529 1114 2607 eredeie}

97 2643 217 2701 sperare,
236 2602 361 2700 diligere
381 2630 430 2680 aut
447 2621 598 2699 poenitere
617 2640 716 2700 posse,
736 2621 810 2680 sieut
828 2632 957 2701 oportet,
977 2631 1009 2681 ut
1025 2623 1054 2681 ei
1071 2624 1114 2680 iu·

97 2709 267 2770 stificationis
286 2708 380 2786 gratia
398 2705 579 2765 certioratur:
598 2707 749 2766 anathema
767 2707 812 2766 sit.

173 2789 241 2855 cin.
263 2791 313 2853 lv.
359 2790 391 2850 Si
415 2793 476 2870 quis
498 2789 620 2866 dixerit,
648 2793 768 2852 liberum
791 2787 1115 2853 hominis'arbitriuma

99 2875 151 2940 Deo
169 2893 275 2940 motum
294 2890 325 2938 et
343 2879 498 2938 excitatum
521 2877 591 2936 nihil
610 2879 763 2957 cooperari
781 2877 964 2938 assentiendo
983 2878 1046 2936 Deo
1065 2897 1116 2936 en-

99 2965 187 3024 eitanti
209 2977 297 3044 atque
319 2965 448 3035 vocanti,
477 2982 532 3042 quo
556 2961 593 3022 ad
617 2961 799 3023 obtinendam
818 2963 1030 3021 iustificationis
1050 2981 1116 3039 gra·

100 3051 156 3110 tiam
174 3069 204 3111 se
224 3051 358 3130 disponat
375 3069 410 3108 ao
428 3059 593 3129 praeparet,
608 3067 701 3128 neque
716 3066 801 3126 posse
817 3045 979 3118 dissentire,
998 3047 1022 3104 si
1036 3047 1114 3118 velit,

99 3136 141 3194 sed
158 3139 245 3197 veluti
264 3137 387 3195 inanime
406 3133 547 3213 quoddam
567 3135 635 3194 nihii
655 3135 768 3193 omnino
783 3151 882 3211 agere,
902 3151 1035 3210 mareque
1050 3152 1116 3213 pas-

99 3222 151 3280 sive
168 3242 197 3282 se
216 3223 339 3282 habere:
359 3221 510 3280 anathema
528 3221 574 3279 sit.

176 3307 245 3368 Can.
267 3306 305 3368 V.
351 3304 383 3366 Si
407 3306 468 3386 quis
490 3305 610 3390 liberum
632 3305 923 3388 hominis'arbitrippn
945 3312 1011 3382 post
1032 3299 1114 3362 Adae
1125 3314 1150 3352 4⁰
1175 3321 1181 3390 p

100 3404 240 3468 peecatum
263 3394 394 3452 amissum
418 3403 448 3451 et
471 3383 641 3452 exstinctum
660 3410 723 3450 esse
742 3389 861 3462 dixerit,
889 3381 940 3448 aii't
963 3405 1025 3448 rem
1051 3407 1115 3448 esse

101 3473 208 3538 desolo
226 3479 320 3550 titulo,
339 3480 423 3537 inuno
441 3477 552 3536 titulum
570 3478 632 3537 sine
651 3497 693 3549 re,
713 3477 876 3555 figmentum
896 3473 1019 3554 denique
1037 3494 1054 3533 a
1070 3493 1116 3533 sa-

102 3569 161 3622 tana
178 3565 320 3626 invectum
338 3565 368 3622 in
386 3564 555 3622 ecclesiane
574 3562 726 3622 anathema
743 3563 788 3622 sit.

179 3649 247 3710 Cin.
265 3650 317 3710 vl.
363 3647 395 3708 Si
414 3651 475 3728 quis
493 3647 608 3720 timorit,
628 3669 685 3707 non
703 3666 766 3707 esse
785 3648 814 3707 in
832 3656 975 3726 potestate
994 3645 1116 3704 hominis

102 3733 154 3792 vias
175 3755 240 3794 snas
261 3735 349 3795 maias
372 3737 485 3806 faeere,
513 3733 564 3794 sed
582 3735 657 3809 maia
675 3753 773 3814 opera,
801 3734 841 3792 ita
859 3743 890 3793 ut
907 3732 998 3803 bona,
1025 3729 1116 3792 Deum

104 3839 306 3858 ’.ι-ι--ι-

147 3880 222 3926 Sus.
235 3881 279 3928 Vl.
302 3888 324 3940 i)
338 3885 385 3928 Iac.
396 3883 443 3928 Ill.
452 3887 472 3928 2.
488 3907 513 3918 -
525 3882 746 3938 t)¹Cor.1V.t.t.
760 3906 786 3916 -·
799 3884 820 3934 i)
834 3881 865 3924 ib.
875 3879 918 3924 IV.
928 3882 948 3924 5.
962 3903 988 3914 -
1000 3881 1023 3934 4)
1034 3880 1120 3930 Matth·

104 3925 163 3976 XVI.
172 3935 204 3978 tt.
217 3958 239 3968 -
248 3940 269 3989 5)
280 3936 310 3980 ef.
322 3950 392 3995 supra
402 3950 422 3996 o,
433 3940 452 3980 1.
462 3939 487 3980 et
495 3939 517 3980 3.
526 3937 583 3989 -6)
593 3935 624 3979 iii.
635 3950 655 3979 e.
665 3937 687 3979 ὅ.
695 3959 721 3971 -
731 3941 753 3985 t)
761 3933 827 3976 Rom.
837 3930 866 3976 V.
877 3935 897 3974 5.

906 3985 945 4050 a·
