2654 4334
238 295 317 353 son
342 371 350 382 ⁶
427 293 590 352 sessio
615 291 703 348 xxv.
737 293 796 348 un
821 289 1088 349 ιιιιιοιιιιιι.

238 436 369 516 episcopi
393 455 425 496 se
443 435 619 507 abstineant,
644 433 781 495 mandans
798 432 921 508 eisdem,
940 447 988 508 ut,
1009 447 1065 496 tam
1088 436 1119 496 in
1141 434 1255 496 ecelesia

238 541 321 601 qnam
349 521 420 582 iuris
447 539 527 581 snam
554 518 673 600 gradum
700 531 731 580 et
758 518 888 580 ordinem
913 539 984 602 prae
1007 521 1098 581 oculis
1117 521 1255 592 babentes,

238 606 343 687 abique
366 624 398 667 se
420 617 518 687 patres
541 617 571 666 et
593 616 725 686 pastores
747 623 814 666 esse
834 607 1029 680 meminerint3
1056 605 1254 687 reliquissem

238 703 295 752 tam
314 692 490 772 principibus
510 710 591 772 qnam
610 692 716 751 ceteris
735 691 878 763 omnibns,
897 702 929 750 ut
946 711 997 752 eus
1015 702 1140 772 paterno
1157 692 1255 757 bonurn

238 797 273 838 ac
293 776 390 838 debita
408 779 572 838 reverentia
589 787 809 858 prosequantur.

190 916 266 962 1110.
284 915 375 964 livill.
420 915 537 962 conones
561 913 598 960 od
617 915 739 962 amussim
762 921 907 962 serventur.
947 915 977 962 Si
992 915 1094 976 qnando
1113 917 1142 962 in
1160 917 1194 962 eis
1210 915 1254 962 dis-

413 983 582 1044 pensandum,
601 983 630 1030 id
645 983 739 1043 ualido,
757 988 861 1031 maturo
878 989 905 1030 et
920 986 1008 1045 gretia
1019 981 1086 1044 fiat.

323 1066 416 1126 Sicuti
434 1067 549 1145 publice
567 1065 685 1146 expedit
702 1068 774 1146 legis
783 1067 923 1128 vinculum
939 1065 1110 1147 quandoque
1125 1069 1254 1137 relaxare,

237 1163 269 1211 nt
286 1153 398 1231 plenius
417 1152 614 1214 evenientibus
633 1151 747 1212 nasibus
765 1162 796 1212 nt
813 1152 1033 1213 necessitatibus
1050 1172 1106 1232 pro
1126 1153 1255 1214 cummuni

239 1239 361 1298 utilitate
384 1238 518 1298 satisfiat:
542 1239 584 1298 sic
607 1238 784 1317 frequentius
807 1238 901 1316 legem
924 1239 1052 1310 solvere,
1076 1238 1254 1318 exemploque

237 1325 332 1402 potius
356 1343 438 1402 quam
462 1333 544 1383 certe
567 1341 754 1402 personarum
777 1342 929 1404 rerumque
957 1322 1073 1384 delectu
1102 1323 1253 1404 petentibus

237 1407 387 1487 indulgere
411 1409 480 1468 nihil
503 1407 580 1468 aliud
603 1419 661 1481 est,
685 1428 766 1488 qnam
785 1410 937 1488 unicuique
959 1408 996 1468 ad
1019 1409 1102 1488 leges
1120 1419 1253 1487 manope-

238 1492 357 1554 diendas
379 1492 485 1554 aditum
509 1495 644 1572 aperire·
688 1494 869 1574 Quapropter
890 1496 984 1554 sciant
1005 1496 1146 1568 universi,
1170 1512 1253 1554 sacra

238 1581 361 1639 tissimus
381 1599 506 1640 canones
528 1589 632 1640 exacte
651 1579 686 1639 ab
706 1578 852 1651 omnibus,
875 1590 919 1652 et,
938 1578 1033 1660 quoad
1050 1581 1115 1640 eius
1134 1580 1195 1640 lieri
1209 1598 1253 1659 pu·

238 1667 316 1736 terit,
336 1664 502 1726 indistincte
521 1663 726 1725 observandus.
772 1664 853 1738 Quod
873 1666 898 1724 si
916 1684 1022 1744 urgens
1040 1666 1172 1746 iustaque
1189 1664 1253 1724 ratio

158 1805 167 1832 x
236 1761 268 1809 et
294 1753 386 1810 maior
412 1749 580 1831 quandoque
608 1751 716 1810 utilitas
747 1752 936 1830 postulaverit
958 1771 1021 1811 cum
1047 1751 1188 1832 aliquibus
1204 1749 1251 1808 dis·

236 1835 411 1916 pensandum
443 1855 526 1909 esse,
566 1835 596 1895 id
628 1854 715 1895 causa
747 1837 865 1914 cognita
895 1855 930 1897 ae
961 1856 1068 1896 summa
1101 1839 1250 1897 maturitate

236 1932 322 2001 atque
341 1924 431 2000 gratis
452 1942 471 1982 a
494 1921 720 2002 quibuscunque,
749 1920 785 1981 ud
804 1941 875 2001 quos
898 1920 1073 2002 dispensatio
1097 1919 1249 2004 pertinebit

236 2009 294 2066 erit
310 2007 526 2087 praestandum,
550 2009 691 2088 aliterque
713 2008 791 2067 iacta
814 2007 988 2087 dispensatio
1010 2010 1177 2090 surreptitia
1193 2025 1249 2068 con·
1304 2025 1305 2040 ³

235 2103 342 2152 suatur.

373 2233 401 2281 G.
418 2231 490 2280 XIX.
527 2231 710 2280 utonoouacota
722 2235 814 2294 poenis
830 2233 992 2294 gravissimis
1006 2236 1127 2296 punitur.

321 2315 507 2378 Detestabilis
530 2314 689 2378 duellorum
713 2335 777 2376 usus
800 2316 961 2379 fabricante
986 2315 1143 2392 diabolo¹)
1172 2317 1247 2374 intro·

234 2401 346 2474 ductum,
365 2412 396 2461 ut
414 2413 533 2462 eruenta
552 2422 704 2480 corporum
724 2411 815 2462 morte
834 2403 989 2462 animarum
1008 2404 1092 2465 etiam
1105 2401 1247 2483 perniciem
1302 2471 1303 2474 Ἴ

158 2555 159 2558 ¹
234 2488 376 2558 lucretur,
399 2506 437 2548 ex
455 2485 617 2546 Christiano
641 2487 712 2548 urbe
735 2488 847 2566 penitus
874 2487 1088 2558 exterminetur.
1137 2487 1247 2566 impera·

233 2581 289 2643 tur,
308 2590 408 2649 reges,
432 2570 536 2642 duces,
555 2573 714 2650 principes,
734 2572 924 2644 marchiones,
944 2574 1078 2674 cpmites,
1098 2575 1165 2645 et2)
1189 2589 1246 2650 qno·

234 2675 344 2736 cunque
368 2658 425 2717 aliu
450 2657 563 2716 nomine
582 2655 689 2716 domini
707 2658 894 2738 temporales,
923 2660 969 2738 qui
993 2659 1086 2718 lucum
1106 2657 1144 2717 ad
1162 2673 1246 2716 monu-

139 2751 220 2832 „²⁹⁸
233 2743 399 2803 maebiam
391 2763 420 2801 m
438 2744 524 2802 terris
542 2743 600 2802 suis
618 2743 695 2803 inter
713 2741 892 2804 Christianus
910 2745 1123 2815 concesserint,
1143 2762 1177 2804 eu
1194 2742 1245 2836 ipsu

232 2828 289 2888 sint
307 2829 556 2901 exeommunicati,
575 2849 610 2889 ae
624 2828 821 2889 iurisdictione
837 2840 866 2890 et
882 2828 1006 2888 duminio
1018 2831 1152 2900 civitatis,
1171 2824 1245 2885 castri
1300 2865 1301 2880 .

231 2925 280 2974 aut
306 2915 410 2987 ioci,
402 2935 430 2974 ιιι
458 2935 513 2996 quo
540 2916 586 2975 vel
613 2913 688 2994 apud
716 2934 797 3017 quens
825 2913 948 2987 duellum
976 2915 1039 2974 fieri
1066 2912 1243 2995 permiserint,

230 2999 307 3080 quud
325 3001 361 3060 ab
380 3002 506 3062 ecclesia
525 3001 667 3072 obtinent,
687 3001 790 3080 privati
808 3001 1012 3080 intelligantur,
1032 3011 1070 3074 et,
1090 3003 1115 3060 si
1133 2995 1244 3059 ieudalia

229 3088 299 3159 sint,
324 3086 442 3147 directis
466 3085 587 3146 dominis
610 3088 704 3147 statim
727 3088 920 3190 acqpirantur.
967 3086 1020 3160 Qui
1041 3105 1112 3146 vero
1136 3097 1242 3187 pugnam

230 3173 437 3244 commiserint,
457 3174 552 3252 etqui
571 3192 668 3235 eorum
687 3174 793 3252 patrini
811 3171 965 3244 viscantur,
984 3168 1242 3246 excommunicatio·

228 3258 282 3330 nis,
302 3278 337 3318 ac
356 3259 479 3318 omnium
497 3258 636 3320 bonorum
659 3279 773 3320 suorum
792 3260 1024 3339 proscriptionis,
1044 3277 1079 3318 ao
1096 3265 1240 3340 perpetuae

228 3344 361 3404 infamiae
392 3364 514 3424 poenam
546 3346 707 3416 incurrant,
744 3356 775 3404 et
800 3354 832 3403 ut
862 3344 1023 3405 homicidae
1051 3344 1131 3403 iuxta
1156 3353 1241 3402 saerut

228 3450 355 3490 canones
377 3431 470 3509 puniri
494 3429 631 3503 debeant,
656 3441 699 3502 et,
723 3431 798 3490 siin
822 3431 884 3511 ipso
908 3433 1043 3492 conilictn
1066 3425 1239 3490 lucescant
1295 3389 1298 3548 ⁴

115 3527 119 3532 '
227 3525 368 3594 perpetuu
387 3525 506 3575 careant
523 3516 723 3576 ecclesiastica
741 3517 896 3596 sepultura.
941 3516 986 3576 llli
1005 3518 1100 3588 etiam,
1119 3515 1166 3596 qui
1183 3526 1240 3572 con·
1295 3539 1296 3546 ι

227 3599 319 3659 silium
342 3601 371 3658 in
395 3619 480 3660 cansa
505 3600 591 3661 duelli
614 3612 670 3662 tam
699 3604 727 3661 in
754 3604 816 3662 iure
845 3622 927 3682 quam
950 3603 1028 3663 bactu
1051 3601 1181 3662 dederint
1200 3599 1239 3654 aul

226 3685 284 3742 alia
302 3704 469 3764 quacunque
488 3687 600 3750 ratione
624 3687 660 3748 ad
687 3687 716 3747 id
744 3707 911 3770 quemquam
937 3690 1088 3760 suaserint,
1115 3705 1168 3746 nec
1192 3693 1238 3740 non
1296 3737 1297 3740 ,

228 3809 441 3823 -ᾙ

277 3863 354 3909 Snus.
373 3865 453 3911 XXV.
480 3867 707 3920 tteiwembtcli
735 3875 787 3916 ut.
802 3871 897 3928 (ΝΜ
918 3859 1236 3918 not.ttt.·x..·nauomsuv

224 3872 581 4011 qp.ppcher.apuugninduellu.
593 3923 621 3965 V.
637 3871 835 3978 11.-11110111
811 3923 858 3970 titt
873 3925 924 3970 cit.
940 3929 1021 3970 sttui.
1035 3925 1075 3969 11.1
1087 3924 1119 3968 X.
1128 3913 1237 3966 notente
