2652 4330
278 319 289 338 ,
340 256 560 312 coNcILu
586 259 892 314 unumunurm.
1085 263 1113 321 ὅ

68 411 133 470 set,
153 411 186 459 et
202 395 359 478 praelatos,
379 415 450 474 quos
468 417 565 458 secum
583 399 757 471 habuissent,
777 402 880 462 itinere
898 411 983 481 atque
1002 403 1113 481 impen-

69 487 135 545 diis
157 485 253 543 fessos
276 493 361 561 atque
384 483 539 542 exhaustos
561 485 690 544 recreari
712 495 742 544 et
764 485 845 544 retici
868 497 1031 566 oporteret,
1059 507 1111 546 nos

77 570 191 630 hortati
210 577 286 637 sunt,
305 577 337 625 nt
354 567 438 625 aliam
458 587 570 646 quoqne
588 571 823 646 prorogationem
838 573 974 650 temporis
986 571 1110 632 habendi

74 653 202 714 concilii
221 650 452 712 decerneremus.
499 652 560 725 Qus
578 655 608 711 in
625 672 658 712 re
678 653 865 714 concedenda
884 675 968 734 quum
986 675 1112 716 essemus

79 739 258 817 aliquantum
277 735 417 808 difficiles,
438 737 537 796 iiteras
555 738 669 797 interim
687 757 705 796 a
724 739 827 817 legatis
846 743 960 812 nostris,
981 743 1028 819 qui
1041 740 1112 800 Vin·

80 825 200 884 cantiae
219 831 314 892 erant,
338 823 516 900 accepimus,
536 832 682 882 transacto
701 824 757 882 iam
775 834 805 882 et
823 824 935 902 longius
953 827 1112 903 praeterito

80 908 199 968 concilii
220 904 336 966 incundi
354 904 401 965 die
420 925 503 964 unum
521 908 570 966 vix
587 918 636 966 aut
653 908 774 968 aiterum
793 926 830 968 cx
846 913 973 969 externis
988 912 1113 970 nationi-

77 995 134 1052 hus
151 992 311 1071 praelatum
328 989 511 1050 vincentiam
529 1011 561 1050 sc
581 992 746 1052 contulisse.
784 993 846 1066 Quo
865 997 970 1054 nuncio
990 1006 1112 1074 accepto
1155 1035 1163 1050 ,

78 1098 168 1157 quum
187 1075 364 1148 videremus,
393 1095 428 1135 eo
447 1087 577 1156 tempore
597 1078 671 1136 nulla
691 1080 746 1137 iam
764 1080 876 1139 ratione
894 1081 995 1140 haheri
1015 1082 1112 1140 conci-

83 1165 152 1222 lium
161 1180 258 1241 posse,
278 1162 347 1240 ipsis
365 1162 541 1241 principibus
560 1165 762 1234 concessimus,
781 1174 812 1223 ut
830 1163 1112 1244 differreturtempns

82 1246 189 1326 agendi
208 1248 324 1306 concilii
343 1245 487 1325 usquead
506 1259 634 1308 sanctum
653 1248 778 1321 Pascha,
798 1247 929 1330 diemque
948 1251 1050 1310 festum
1068 1251 1112 1309 iu·

83 1345 165 1392 turae
193 1330 354 1391 dominicae
374 1331 614 1392 Resurrectionis.
661 1333 748 1393 Cuius
775 1337 867 1394 nostri
889 1337 1037 1416 praecepti
1062 1355 1134 1401 ern

83 1419 328 1496 spectationisque
361 1415 498 1477 decretae
530 1420 632 1477 literae
661 1417 778 1479 Genuae
805 1439 880 1480 anno
906 1418 1111 1481 incarnationis

83 1502 198 1562 Domini
215 1521 375 1561 ιιιιιιιιιινιιι.
396 1502 517 1564 nv..Kai.
537 1503 589 1563 lui.
608 1505 704 1563 iactae
721 1505 942 1585 publicataeque
962 1517 1039 1576 sunt,
1068 1517 1112 1564 at·

80 1607 138 1667 -qne
156 1587 231 1646 hanc
242 1586 408 1646 dilationem
428 1607 463 1647 eo
480 1591 651 1668 propensius
669 1590 797 1662 fecimus,
817 1590 892 1670 quod
910 1591 1054 1670 pollicitus
1069 1601 1114 1650 est

81 1674 167 1732 nohis
189 1683 311 1752 uterquc
334 1674 482 1752 princeps,
512 1675 624 1752 legatos
646 1694 712 1734 snos
730 1674 848 1735 Romam
870 1674 908 1734 ad
926 1697 978 1735 nos
997 1694 1028 1734 se
1047 1677 1113 1734 mis-

81 1779 195 1827 surum,
219 1767 251 1816 ut
269 1777 318 1829 ea,
338 1777 410 1837 quae
429 1756 466 1817 ad
483 1761 692 1838 perfectionem
710 1763 790 1838 pacis
808 1762 919 1840 reiiqua
937 1771 1042 1832 essent,
1061 1780 1113 1821 ne-

84 1863 139 1922 que
159 1843 289 1902 Nicaeae
314 1844 351 1903 oh
370 1843 538 1904 brevitatem
557 1847 695 1923 temporis
713 1856 867 1925 potuerant
885 1849 979 1906 omnia
998 1846 1111 1917 confici,

81 1929 194 1988 Romae
213 1927 389 1988 commodius
407 1948 506 1988 coram
525 1930 606 1988 nohis
625 1941 782 2008 agerentur
799 1941 829 1990 et
847 1940 1048 1990 tractarentur.
1076 1931 1114 1988 Et

86 2014 125 2072 ob
144 2014 219 2071 hanc
239 2014 375 2074 rationem
395 2016 481 2073 ctiam
500 2034 517 2072 a
536 2014 618 2073 nohis
636 2014 719 2073 amho
737 2017 896 2094 petierunt,
923 2025 954 2074 ut
972 2015 1044 2074 haec
1063 2033 1113 2094 pa·

81 2099 260 2159 cificationis
273 2100 437 2177 procuratio
453 2100 569 2158 concilii
580 2094 769 2159 celebrationi
778 2110 1014 2180 praeponeretur,
1031 2115 1120 2178 quum

83 2187 175 2265 ipsum
199 2185 351 2243 concilium
374 2204 446 2263 pace
469 2186 546 2244 iacta
570 2186 656 2244 multo
676 2183 780 2245 deinde
798 2186 895 2246 utilius
914 2197 945 2246 et
962 2186 1112 2245 salutarius

88 2269 269 2328 Christianae
296 2270 473 2348 reipublicae
500 2272 622 2329 futurum
651 2281 736 2356 esset.
791 2269 913 2350 Semper
939 2273 1013 2330 enim
1040 2271 1113 2330 hacc

85 2355 168 2433 pacis
191 2373 257 2433 spes
280 2354 363 2413 nohis
385 2356 490 2414 iniecta
512 2356 672 2434 principum
695 2375 747 2415 nos
769 2355 962 2414 voluntatibus
980 2357 1114 2414 assentiri

86 2440 201 2500 hortata
223 2449 282 2510 est3
311 2458 392 2517 qnam
420 2458 498 2518 spem
521 2441 708 2500 vehementer
729 2441 809 2499 auxit
831 2451 896 2518 post
918 2439 1073 2499 discessum
1097 2459 1114 2499 a

85 2523 199 2582 Nicaea
222 2534 348 2582 nostrum
371 2525 496 2602 ipsorum
516 2523 635 2585 duorum
652 2525 812 2604 principum
830 2526 907 2583 inter
924 2544 955 2584 sc
973 2525 1114 2584 henevoia

83 2611 234 2688 amicaque
254 2611 436 2688 congressio,
456 2629 538 2689 quae,
563 2612 684 2670 maxima
701 2620 800 2670 nostra
818 2628 881 2668 cum
899 2609 1009 2668 laetitia
1027 2628 1045 2667 a
1062 2629 1115 2668 no-

87 2695 132 2753 his
154 2695 318 2770 inteilecta,
347 2695 527 2768 confirmavit
552 2715 604 2755 nos
631 2698 659 2753 in
685 2695 761 2754 hona
784 2713 848 2773 spe,
876 2705 908 2753 ut
924 2693 1038 2754 undem
1062 2694 1115 2753 ali-

82 2778 199 2858 quando
218 2790 332 2839 nostras
349 2799 452 2859 preces
471 2780 544 2859 apud
559 2780 647 2840 Deum
667 2779 816 2840 exauditas
834 2790 865 2839 et
881 2791 949 2839 vota
966 2781 1046 2859 pacis
1064 2799 1115 2838 ae·

83 2875 172 2944 cepta
190 2883 255 2924 esse
274 2864 467 2925 crederemus.
505 2865 585 2926 hiano
604 2868 692 2944 igitur
708 2867 789 2944 pacis
803 2867 1016 2925 conclusionem
1030 2884 1113 2943 quum

81 2960 118 3008 et
135 2960 349 3028 expeteremus,
378 2961 408 3010 ct
429 2970 609 3028 urgeremus,
638 2971 692 3010 nec
714 2952 805 3010 solum
828 2949 938 3008 dnohus
960 2948 1114 3009 antedictis

83 3035 273 3112 principibus,
291 3054 389 3095 verum
409 3037 494 3094 etiam
513 3037 660 3095 carissimo
679 3037 708 3093 in
723 3033 838 3092 Christo
857 3033 916 3091 iilic
935 3043 1034 3091 nostro
1045 3032 1114 3090 Fer-

86 3117 214 3178 dinando
237 3139 302 3214 aggi
323 3119 515 3180 Romanorum
536 3119 697 3188 videretur,
730 3119 872 3177 actionem
896 3118 1027 3186 concilii,
1060 3118 1114 3177 nisi

84 3223 159 3282 pace
177 3205 265 3277 facta,
285 3206 390 3285 suscipi
409 3226 465 3266 non
485 3216 630 3284 oportere,
651 3205 802 3283 cunctique
820 3202 934 3261 anchis
947 3221 1001 3281 per
1014 3202 1114 3262 literas

87 3307 211 3367 suosque
231 3300 364 3349 oratores
383 3290 606 3360 contenderent,
634 3300 665 3348 nt
686 3289 758 3348 alias
775 3307 874 3348 rursus
891 3288 1028 3365 temporis
1046 3307 1115 3365 prn-

84 3375 255 3450 rogationes
278 3377 452 3448 faceremus,
480 3378 635 3455 praecipue
658 3386 752 3436 autem
775 3377 896 3434 instaret
918 3372 1120 3432 serenissimus·

86 3477 203 3530 caesar,
223 3462 388 3538 promisisse
408 3481 439 3522 se
458 3461 655 3522 demonstrans
672 3463 722 3532 iis,
743 3461 790 3540 qui
807 3479 825 3518 a
843 3457 986 3518 catholica
1005 3460 1113 3518 unitate

85 3540 272 3616 dissentiunt,
295 3565 327 3605 se
350 3565 466 3626 operam
485 3567 562 3607 suam
581 3545 655 3626 apud
673 3565 725 3606 nos
743 3544 989 3624 interpositarum,
1012 3554 1043 3601 ut
1061 3545 1115 3602 aii·

88 3645 143 3704 qua
161 3629 338 3690 concordiae
357 3635 432 3691 ratio
450 3633 584 3703 iniretur,
609 3630 684 3710 quod
702 3640 768 3690 ante
787 3648 865 3688 suam
883 3629 912 3686 in
933 3628 1113 3688 Germaniam

87 3713 297 3788 profectionem
322 3727 388 3796 apte
411 3736 468 3776 non
490 3727 589 3797 posset
612 3717 689 3776 heri:
715 3714 792 3783 Nos,
812 3712 912 3774 eadem
931 3731 1045 3792 semper
1062 3731 1112 3790 spe

85 3798 178 3874 pacis,
198 3810 229 3858 et
246 3809 389 3861 tantorum
407 3805 566 3882 principum
584 3802 730 3861 voluntate
741 3796 867 3869 adducti,
887 3816 969 3876 quum
980 3814 1114 3876 praeser-
