2654 4334
275 261 357 316 Puta
375 261 540 320 CONGlb.
560 263 672 318 Ttttlt.
692 264 951 322 lNNOVA'l'AE.
1051 265 1128 332 m

90 401 172 464 aedis
190 402 370 480 apostolicae
388 403 434 464 ιιι
453 402 613 505 legatorum
637 406 698 466 eiua
722 404 758 466 do
778 409 878 467 cetero
897 409 1126 485 committantur,
1206 450 1210 458 .

90 507 148 548 nnc
174 487 326 548 audientur
347 488 431 561 alibi,
455 509 538 568 quam
557 493 585 550 in
605 491 770 551 civitatibus
790 493 838 552 vel
860 493 933 554 loeis
956 496 1132 606 insignibus,
1139 509 1180 554 ιιι

89 573 142 632 ubi
161 575 253 652 possit
271 572 420 634 commode
440 577 525 654 copia
543 578 700 654 peritorum
718 576 829 637 haberi.

446 701 677 764 Boutunclus
695 703 775 765 Vlll.

89 805 134 852 Ex
156 805 238 853 Sexto
258 803 433 853 Decretaliurn
452 806 496 856 lib.
514 809 566 867 lll.,
585 809 626 857 ιιι.
645 811 675 858 11.
695 807 726 856 de
745 809 848 860 clericis
865 809 1023 877 coniugatis,
1042 828 1064 861 c.
1082 827 1126 864 un.

438 883 512 938 (sm.
522 885 618 932 unt
629 888 659 932 de
668 887 712 933 rel.
723 901 744 933 e.
753 890 784 942 ι)

183 975 300 1046 Clerici,
320 978 367 1054 qui
386 997 449 1036 cum
469 980 560 1038 unicis
574 989 604 1038 ιι
617 980 775 1058 virginibus
789 992 1005 1054 conuexerant,
1023 983 1048 1044 si
1062 995 1128 1043 ton-

88 1081 189 1122 suram
208 1071 239 1120 ιι
254 1072 350 1120 vestes
369 1061 502 1122 delerant
519 1064 680 1138 clericales,
707 1067 888 1145 privilegium
911 1069 1055 1128 retineant
1078 1089 1128 1129 oa·

89 1148 180 1206 nonis
206 1146 242 1205 ab
270 1146 440 1208 Innocentio
467 1147 595 1209 meando
621 1150 849 1230 praedecessore
877 1165 976 1213 nostro
1002 1152 1106 1214 editi
1098 1174 1127 1213 m

89 1233 224 1293 favorem
251 1234 339 1294 totius
366 1233 475 1295 ordinis
503 1235 647 1296 clericalis
681 1241 720 1312 [ι.
731 1242 783 1302 29.
795 1237 828 1297 C.
838 1237 932 1300 XVll
923 1259 988 1318 ..qu
999 1244 1056 1316 ιη]
1089 1237 1130 1298 m

89 1338 179 1398 quum
203 1319 282 1376 iuxta
299 1315 462 1381 Parisiense
481 1322 634 1380 concilium
658 1326 698 1398 [c.
710 1328 739 1386 2
749 1323 786 1382 Χ.
798 1321 833 1382 de
848 1324 913 1384 loro
929 1345 1023 1404 comp.
1014 1325 1070 1385 ..ll
1080 1329 1126 1400 2]
1149 1341 1156 1354 ”

90 1403 189 1462 nullus
214 1402 337 1466 clericus
360 1404 493 1484 distringi
516 1404 622 1467 debeat
638 1418 688 1468 aut
707 1407 893 1470 condemnari
911 1430 929 1468 a
946 1409 1043 1470 iudice
1062 1430 1128 1470 ιιι

90 1489 202 1560 culari,
225 1491 371 1569 praesenti
390 1488 570 1553 declaramus
592 1491 705 1565 edicto,
730 1493 889 1554 huiusmodi
912 1496 1037 1556 clericos
1056 1516 1128 1556 con-

90 1577 212 1652 iugatus
228 1593 282 1652 pro
302 1577 459 1636 commissis
477 1578 558 1636 ab'
532 1598 574 1638 ers
593 1579 759 1641 excessibus
777 1580 823 1640 vel
842 1578 957 1639 delictis
975 1581 1051 1639 trabi
1069 1601 1128 1640 eon

91 1679 182 1740 posse
203 1660 391 1721 criminaliter
408 1673 458 1721 aut
474 1663 599 1724 civiliter
617 1663 654 1724 ad
672 1662 808 1724 iudicium
827 1664 992 1737 saeculare,
1016 1685 1071 1726 nec
1089 1666 1127 1726 ab

92 1745 168 1826 ipsis
190 1745 386 1806 saecularibus
405 1746 547 1809 iudicibus
560 1769 613 1809 eos
635 1749 743 1809 debere
761 1750 955 1829 personaliter
976 1751 1128 1812 ueletiam

91 1831 287 1912 pecunialiter
311 1837 359 1904 (ne
378 1854 431 1912 per
447 1854 531 1893 unam
552 1837 627 1894 viam
651 1833 830 1894 concedatur
855 1835 963 1896 eisdem
986 1835 1129 1897 iudicibus

94 1914 174 1998 quod
192 1936 244 1996 per
263 1918 347 1978 aliam
366 1915 538 1998 denegatur)
562 1920 703 1980 ullatenus
727 1918 923 1984 condemnari.
969 1921 1003 1981 ln
1021 1923 1129 1982 ceteris

93 2014 202 2074 autem,
221 2002 266 2061 vel
285 2003 348 2074 nisi,
367 2015 399 2064 ιι
416 2006 617 2084 praemittitur,
641 2015 784 2066 tonsuram
803 2007 848 2066 vel
867 2016 975 2066 vestem
994 2004 1131 2067 deferant

94 2087 261 2232 clericaqes,
281 2090 366 2148 etiam
382 2093 411 2148 in
426 2092 589 2170 praemissis
608 2111 659 2154 ecs
678 2090 806 2170 gaudere
827 2093 956 2152 nolumus
974 2092 1128 2172 privilegio

95 2175 206 2236 clerica
219 2175 237 2232 i.

449 2291 681 2357 sumtusclus
699 2295 779 2357 Vlll.

95 2397 137 2445 Ex
158 2399 239 2445 Sexto
257 2397 433 2446 Decretalium
453 2399 499 2450 lib.
518 2403 569 2460 uu,
588 2387 627 2452 tit
645 2399 687 2449 tu.
706 2399 737 2449 de
756 2399 858 2450 clericis
881 2413 934 2449 non
957 2401 1129 2450 residentibus

365 2468 391 2514 ιι
410 2469 521 2518 ecclesia
540 2471 581 2518 rel
599 2471 753 2530 praebenda,
773 2485 795 2518 c.
813 2483 857 2518 aar.

438 2547 513 2602 (Sera.
522 2548 614 2596 xxlv.
625 2549 654 2594 de
664 2548 708 2592 rel.
719 2562 739 2594 c.
750 2552 794 2602 aa)

184 2639 435 2712 Consuetudinem,
456 2637 528 2720 quae¹
547 2643 575 2698 in
596 2639 760 2720 quibusdam
779 2639 907 2719 partibus
925 2642 1053 2713 inolevit,
1074 2661 1130 2722 que

97 2729 232 2786 canonici
251 2737 281 2786 et
298 2727 347 2785 alii
364 2723 531 2786 beneficiati
549 2742 601 2784 seu
620 2722 721 2784 clerici
740 2725 947 2788 cathedralium
966 2729 1129 2787 stellarum

97 2812 317 2890 collegiatarum
349 2812 536 2872 ecclesiarum
569 2807 784 2869 distributiones
811 2809 991 2889 quotidianas
1039 2819 1128 2890 (quac
1142 2839 1182 2883 ιω

97 2899 171 2957 ιΙιιι
188 2898 330 2956 manualia
348 2896 492 2956 beneficia
509 2913 560 2955 seu
579 2895 714 2955 victualia
732 2905 944 2974 nuncupantur,
968 2907 998 2954 et
1021 2906 1129 2956 tantum

97 2982 291 3044 residentibus
309 2981 494 3060 tribunatus),
514 2982 748 3060 qualitercunque
766 2982 795 3038 ιι
815 2980 978 3040 civitatibus
996 2999 1047 3040 ιιι
1065 2983 1130 3041 aliis

98 3069 187 3139 locis,
213 3070 243 3126 in
266 3068 367 3147 quibus
388 3069 468 3146 ipsae
495 3067 654 3126 consistunt
680 3065 839 3137 ecclesiae,
868 3067 924 3124 sint
950 3077 1128 3145 praesentes,

97 3154 171 3213 licet
189 3151 292 3213 divinis
310 3153 413 3212 officiis
431 3170 489 3212 non
506 3153 650 3222 intersint,
670 3169 707 3210 ex
724 3153 840 3229 integro
858 3153 1031 3229 percipiunt,
1051 3171 1087 3212 ac
1105 3154 1130 3212 si

99 3241 238 3299 continuo
252 3240 280 3298 in
295 3241 364 3319 ipsis
379 3238 513 3299 ecclesiis
526 3238 554 3296 in
569 3236 677 3297 eisdem
692 3237 794 3296 officiis
809 3235 998 3308 deservirent,
1016 3239 1131 3315 penitus

98 3326 305 3404 improbantes,
328 3325 485 3395 statuimus,
504 3334 536 3383 ιι
554 3321 796 3385 distributiones-⁸
787 3338 867 3403 ipsae
887 3321 1109 3402 quotidianae,
1100 3341 1131 3382 ιι

98 3411 326 3490 quibuscunque
333 3410 420 3470 robus
438 3410 603 3480 consistant,
633 3410 780 3494 canonicis
798 3427 833 3468 oc
851 3408 915 3468 aliis
937 3407 1128 3481 beneficiatis,

99 3507 130 3556 et
147 3496 264 3556 clericis
287 3497 507 3556 ecclesiaram'
499 3509 636 3575 ipsarum,
666 3489 712 3574 qui
739 3487 847 3554 eisdem
875 3493 1012 3553 officiis
1002 3511 1032 3552 ιι
1059 3494 1130 3573 ipsis

99 3583 234 3642 ecclesiis
251 3580 410 3654 adfuerint,
434 3580 597 3643 tribuantur
618 3581 697 3649 iuxta
716 3580 860 3640 ecclesiae
879 3577 1032 3640 cuiuslibet
1050 3577 1131 3639 ordi·

99 3670 245 3728 nationem
263 3665 490 3728 rationabilem
481 3685 537 3727 ram
554 3668 670 3738 factam,
689 3685 739 3726 seu
758 3666 844 3725 etiam
861 3663 1035 3726 faciendam.
1074 3663 1131 3740 Qui

97 3771 170 3813 vero
179 3755 267 3814 aliter
275 3753 311 3813 de
322 3752 569 3814 distributionibus
578 3753 647 3833 ipsis
656 3750 805 3832 quicquam
815 3752 975 3831 receperit,¹
986 3753 1130 3831 (exceptis

100 3839 166 3911 illie,
186 3859 258 3920 quos
275 3841 427 3900 infirmitas
443 3857 494 3900 seu
512 3840 585 3899 iusta
603 3850 634 3899 et
651 3837 830 3898 rationabilia
849 3838 1009 3918 corporalis
1027 3856 1131 3898 neces-

98 3925 184 3997 sitas,
213 3937 262 3985 aut
285 3925 403 3986 euidens
430 3926 574 3989 ecclesiae
603 3925 733 3985 utilitatis
760 3933 937 3998 excusaret),
964 3941 1059 3984 rerum
1087 3923 1131 3982 sic

140 4015 243 4066 'coac
263 4021 422 4069 ιιῐιιιι.
739 4033 742 4041 ·
876 4015 914 4076 16
