2652 4330
215 219 266 276 aa
331 287 337 293 ,
444 195 624 299 sussro
648 214 682 270 v.
716 213 776 270 nu
803 213 1010 270 nnnonu.

214 365 317 416 tenues
334 357 450 429 luerint,
469 366 500 416 et
517 355 566 418 nbi
583 365 641 416 tam
659 358 765 436 exigua
782 366 827 416 est
844 355 916 416 cleri
930 364 961 416 et
973 355 1071 435 populi
1086 357 1247 430 multitudo,

214 452 247 502 ut
268 440 435 520 theologiae
458 442 547 501 lectio
570 442 600 499 in
624 441 666 500 eis
690 440 839 501 commodo
862 440 963 500 haberi
981 461 1039 500 non
1056 443 1162 521 possit,
1190 443 1248 504 sal-

214 537 272 586 tem
294 528 460 605 magistrum
482 527 649 602 habeant1)
673 527 710 586 ab
733 528 871 608 episcopo
895 546 958 585 cum
982 527 1105 586 consilio
1128 529 1248 607 capituli

103 639 108 644 ·
213 608 391 691 eligendum,
419 613 467 691 qui
486 611 611 672 clericos
628 612 758 692 aliosque
777 613 926 672 scholares
943 630 1086 691 pauperes
1104 632 1249 692 gramma·

211 698 299 758 ticam
322 699 412 776 gratis
436 697 556 771 doceat,
589 707 621 756 ut
647 696 784 777 deinceps
811 695 932 777 adipso
956 715 1059 757 sacrae
1083 701 1248 778 scripturae

151 805 155 820 .
211 782 306 844 studia
328 793 471 842 annuente
491 781 554 842 Deo
578 784 701 843 transire
724 782 844 862 possint.
890 781 1016 862 Ideoque
1041 783 1083 843 ilii
1105 784 1248 864 magistro

211 869 415 946 grammatices
432 867 479 927 vel
497 868 618 928 alicuius
635 869 773 948 simplicis
790 867 926 927 beneficii
944 869 1063 940 fructus,
1083 888 1155 947 quos
1173 879 1250 926 tam·

211 951 261 1011 diu
286 953 444 1033 percipiat,
473 951 606 1033 quamdiu
633 954 663 1013 in
690 952 824 1016 docendo
850 953 1024 1033 perstiterit,
1063 955 1250 1034 assignentur

212 1036 290 1111 (dum
312 1049 408 1098 umen
430 1038 602 1098 beneficium
619 1040 710 1119 ipsum
728 1059 780 1098 suo
799 1037 897 1098 debito
916 1059 973 1097 non
990 1038 1142 1098 fraudetur
1160 1039 1250 1100 obse-

211 1125 307 1201 quio),
330 1122 377 1183 vel
395 1143 433 1184 ex
457 1125 607 1203 capitulari
625 1123 672 1184 vel
691 1125 849 1204 episcopali
869 1143 967 1183 mensa
985 1123 1129 1203 condigna
1148 1125 1249 1204 aliqua

210 1227 324 1270 merces
341 1209 533 1288 persolvatur,
551 1210 598 1270 vel
616 1210 688 1269 alias
707 1212 860 1290 episcopus
878 1210 939 1289 ipse
958 1209 1080 1290 aliquam
1099 1212 1248 1272 rationem

208 1294 289 1354 ineat
311 1314 379 1354 suae
403 1296 547 1355 ecclesiae
570 1305 601 1355 et
623 1294 752 1355 dioecesi
775 1293 1004 1367 accommodam,
1032 1315 1068 1355 ne
1091 1297 1140 1375 pia
1157 1295 1246 1370 haec,

207 1380 288 1439 utilis
306 1390 391 1460 atquc
411 1381 559 1440 fructuosa
575 1382 703 1460 provisio
723 1383 822 1461 quovis
841 1382 970 1462 quaesito
990 1381 1090 1440 colore
1110 1381 1248 1460 negliga-

208 1474 265 1524 tur.
311 1465 344 1525 ln
361 1468 543 1528 monasteriis
562 1486 675 1546 quoque
694 1467 912 1538 monachorum,
939 1465 988 1526 ubi
1007 1465 1158 1526 commode
1177 1467 1247 1527 lieri

208 1559 307 1628 queat,
332 1552 525 1612 otiam-lectio
544 1571 645 1612 sacrae
664 1554 823 1632 scripturae
842 1551 992 1612 habeatur.
1038 1553 1099 1626 Qua
1118 1555 1147 1611 in
1165 1571 1199 1612 rc
1218 1555 1246 1613 si

207 1635 328 1696 abbates
345 1639 527 1716 negligentes
545 1639 663 1710 fuerint,
682 1638 813 1718 episcopi
832 1637 972 1709 locorum,
990 1638 1020 1696 iu
1038 1637 1096 1696 hoc
1113 1648 1146 1696 ut
1162 1637 1245 1698 sedis

171 1721 386 1801 coapostolicus
410 1721 551 1802 delegati,
579 1742 631 1783 eos
653 1721 689 1782 ad
714 1723 743 1783 id
768 1724 935 1803 opportunis
957 1722 1093 1782 remediis
1113 1724 1244 1803 compel-

205 1806 276 1866 lant.
321 1807 353 1868 ln
372 1808 560 1868 conventibus
577 1828 648 1869 vcro
667 1808 787 1870 aliorum
805 1809 994 1890 regularium,
1013 1809 1042 1867 in
1062 1807 1162 1888 quihus
1180 1819 1244 1868 stu·

206 1890 255 1952 dia
272 1891 423 1954 commode
440 1896 541 1974 vigere
559 1905 692 1973 possunt,
719 1914 821 1955 sacrae
844 1895 1005 1974 scripturae
1029 1893 1118 1954 lectio
1137 1895 1242 1953 simili-

204 1987 252 2038 ter
268 1977 423 2052 habeatur,
452 1981 636 2060 quae‘lectio
659 2001 677 2039 a
701 1981 832 2060 capitulis
855 1980 1039 2060 generalibus
1056 1980 1102 2039 vel
1119 1981 1241 2062 provin-

205 2063 325 2124 cialibus
347 2067 512 2144 assignetur
534 2064 710 2143 dignioribus
728 2066 881 2146 magistris.
918 2063 959 2148 ln
977 2066 1132 2146 gymnasiis
1151 2066 1240 2124 ctiam

203 2148 335 2228 publicis,
353 2149 403 2209 ubi
421 2161 478 2208 tam
496 2151 658 2212 honorilice
676 2161 707 2210 et
724 2161 888 2211 ceterorum
907 2153 1029 2212 omnium
1048 2152 1170 2210 maxime
1185 2169 1239 2209 ne-

205 2235 333 2294 cessaria
350 2235 440 2294 lectio
459 2234 599 2296 hactenus
616 2237 746 2296 instincta
763 2257 821 2298 non
837 2236 935 2308 luerit,
955 2236 1239 2315 religiosissimorum

202 2319 363 2399 principum
386 2339 421 2380 ac
445 2320 718 2400 rerumpublicarum
737 2328 847 2402 pietate
866 2333 898 2383 et
916 2323 1037 2382 caritate
1055 2320 1093 2381 ad
1112 2320 1239 2381 catholi-

204 2423 257 2464 cae
284 2404 353 2464 lidci
380 2403 576 2466 defensionem
604 2417 635 2468 et
660 2407 880 2480 incrementum,
912 2425 1056 2486 sanaeque
1083 2405 1239 2465 doctrinae

204 2490 453 2552 conservationem
472 2503 502 2551 et
519 2494 757 2572 propagationem
776 2495 952 2564 instituatur,
976 2502 1020 2564 et,
1037 2493 1086 2551 ubi
1105 2492 1237 2551 instituta

202 2574 294 2646 soret,
314 2586 344 2636 et
358 2577 569 2656 negligeretur,
588 2579 764 2639 restituatur.
809 2577 856 2651 Et,
873 2598 911 2640 ne
930 2579 981 2638 sub
999 2579 1099 2657 specie
1117 2578 1237 2658 pietatis

201 2661 333 2740 impietas
356 2661 570 2735 disseminetur,
598 2667 697 2724 statuit
719 2662 820 2725 eadem
843 2662 1107 2744 sanctasynodus,
1140 2664 1234 2732 nemi·

201 2764 267 2805 nem
289 2744 326 2805 ad
349 2747 510 2808 huiusmodi
531 2749 667 2811 lectionis
686 2749 807 2810 officium
825 2759 883 2808 tam
900 2749 1016 2829 publice
1036 2768 1119 2828 quam
1137 2748 1236 2827 prive-

200 2832 252 2891 tim
269 2830 475 2895 admittendum
493 2854 568 2908 esse,
588 2837 634 2915 qui
650 2837 730 2915 prius
749 2834 785 2895 ab
805 2836 943 2915 episcopo
961 2835 1019 2894 loci
1034 2833 1070 2894 de
1083 2835 1153 2906 vita,
1172 2853 1236 2894 mo·

199 2917 279 2979 ribus
302 2929 333 2980 et
355 2921 476 2982 scientia
499 2921 676 2982 examinatus
699 2932 730 2981 et
751 2921 926 3000 approbatus
948 2941 1006 2980 non
1023 2921 1126 2994 fucrit3
1155 2919 1235 3000 quod

200 3015 296 3066 tamen
315 3005 351 3066 de
370 3006 528 3068 lectoribus
545 3010 575 3067 iu
593 3006 725 3068 claustris
743 3008 948 3069 monachorum
965 3026 1023 3066 non
1041 3007 1233 3084 intelligatur.

200 3087 348 3153 Doccntes
365 3113 436 3153 vcro
455 3095 545 3174 ipsam
564 3112 674 3154 sacram
693 3094 874 3174 scripturam,
887 3091 958 3168 dum
972 3091 1087 3172 publice
1101 3091 1131 3150 iu
1145 3091 1234 3150 scho-

199 3177 236 3236 lis
255 3176 421 3252 docuerint,
440 3189 471 3239 ct
488 3178 650 3251 scholares,
670 3181 764 3260 quiin
783 3179 852 3258 ipsis
870 3178 977 3240 scholis
995 3175 1124 3249 student,
1143 3177 1234 3256 privi-

200 3261 285 3342 legiis
304 3264 433 3324 omnibus
451 3262 488 3324 de
506 3266 695 3344 perceptione
712 3266 866 3336 fructuum,
885 3261 1113 3344 praebendarum
1132 3271 1163 3322 et
1179 3262 1234 3322 be·

200 3349 368 3412 neliciorum
387 3369 501 3411 suorum
519 3350 549 3408 in
567 3349 699 3418 absentia
715 3371 733 3409 a
751 3352 813 3410 iure
829 3347 970 3410 communi
985 3349 1131 3429 concessis
1145 3347 1236 3427 plene

200 3431 346 3512 gaudeant
363 3447 394 3496 ct
410 3437 540 3496 fruantur
552 3435 592 3511 2).

201 3561 415 3580 m

253 3622 330 3668 Seu.
340 3625 369 3668 V.
388 3623 451 3718 ipsi.
463 3637 483 3668 e.
494 3629 513 3692 ,¹¹
522 3623 556 3689 Χ.
568 3624 596 3668 de
606 3624 709 3688 mpgirtr.
720 3625 749 3668 V.
759 3628 780 3668 5.
794 3627 870 3682 (conc.
882 3624 933 3670 bnt.
944 3625 1002 3682 111.)
1014 3597 1042 3670 et
1054 3623 1101 3670 loc.
1111 3622 1163 3670 citt.
1173 3635 1229 3681 pag

146 3739 148 3746 γ
200 3677 278 3721 antee.
287 3687 310 3719 ι.
321 3677 341 3722 t.
359 3698 385 3710 -
412 3677 456 3731 )c.
466 3679 487 3721 ὅ.
496 3675 529 3721 Χ.
540 3675 568 3721 de
578 3679 681 3730 magnete.
691 3675 721 3720 V.
731 3680 751 3721 ⁵.
763 3677 860 3733 (Honor.
870 3673 928 3732 m.)
