2654 4334
217 225 924 332 onsrrosruurrarusu'ssmur.
1007 277 1084 333 suo

62 439 114 479 non
134 419 224 476 solum
248 413 415 487 videndum,
439 414 491 476 sed
509 418 595 476 etiam
614 413 817 475 celebrandum
835 414 998 476 incredibili
1018 437 1080 476 cum

61 507 140 563 tetius
155 502 313 561 Christiani
331 502 428 581 populi
446 519 563 561 assensu
581 512 667 580 atque
685 501 891 580 approbatione
910 521 960 560 sua
978 521 1083 581 magua

61 589 230 666 benignitate
256 589 410 648 concessit.
455 585 507 646 Pio
531 585 635 646 deiude
654 581 719 658 itt,
742 605 850 645 summo
874 597 972 646 nostro
996 599 1081 666 atque

63 677 160 753 optimo
184 671 335 744 Pontifici,
364 673 475 751 gratiae
499 683 657 752 perpetuae
685 691 720 730 ac
748 671 908 750 singulares
931 671 1081 732 habendae

62 770 131 831 suut,
159 760 223 840 qui,
253 777 337 838 quum
360 760 480 837 prinum
508 757 585 817 beati
608 757 687 816 Petri
709 755 807 816 sedem
830 755 973 829 ascendit,
1001 768 1081 817 tanto

63 843 191 924 synodum
219 844 296 906 hauc
323 843 500 903 instaurandi
527 842 673 904 desiderio
701 843 823 914 exarsit,
850 853 882 902 ut
907 843 936 901 in
959 861 994 902 eo
1015 863 1084 904 suas

64 949 151 990 omnes
174 949 262 989 curas
286 939 317 989 et
334 930 526 1008 cogitationes
549 928 700 1007 defigeret.
740 925 871 988 Nuneios
893 929 986 987 statim
1004 929 1086 988 viros

64 1015 270 1092 probatissimos
294 1013 331 1075 ad
349 1013 530 1074 indicendum
553 1015 610 1074 illis
632 1013 796 1074 nationibus
819 1023 904 1093 atque
927 1015 1086 1093 provinciis
1139 1017 1143 1024 '

65 1101 206 1160 concilium
234 1101 325 1172 misit,
353 1095 406 1179 pro
430 1119 547 1178 quorum
575 1101 720 1179 inprimis
743 1101 834 1161 salute
859 1099 1081 1160 convocabatur.

65 1185 94 1243 lli
111 1187 250 1265 aquilonis
270 1195 369 1267 portes
386 1204 477 1266 prope
496 1205 594 1246 omnes
612 1193 811 1265 peragrarunt,
831 1195 979 1263 rogarunt,
999 1185 1083 1245 obse·
1307 1233 1308 1244 ,

66 1283 183 1342 eraruut,
208 1273 349 1332 obtestati
373 1282 451 1344 sunt3
475 1281 536 1330 tuta
555 1274 649 1330 omnia
667 1283 753 1351 atque
771 1271 863 1330 amica
882 1273 1082 1349 promiserunt,
1193 1330 1198 1334 .
1307 1277 1308 1304 ³

66 1366 139 1434 atquo
157 1357 186 1416 id
206 1360 298 1416 etiam
316 1367 453 1434 egerunt,
476 1367 509 1416 ut
532 1359 560 1415 in
579 1356 713 1436 Angliam
732 1357 910 1415 traiicerent.
954 1356 1083 1435 Legatos

66 1442 233 1518 postmodnm
252 1445 364 1523 pietate
388 1461 422 1502 ao
447 1440 580 1502 doctrina
598 1443 872 1522 praestantissimos,
892 1457 976 1521 quum
994 1444 1085 1502 inter·

67 1545 121 1586 csse
138 1528 185 1588 ille
205 1527 334 1609 syuodo,
358 1539 390 1586 ut
412 1529 511 1586 mirum
534 1529 562 1586 in
581 1525 694 1588 modom
718 1528 867 1606 cupiebat,
891 1545 948 1585 oou
971 1539 1081 1606 posset,

67 1611 114 1670 buc
139 1615 227 1685 misit,
252 1634 290 1674 ex
309 1614 409 1693 quibus
428 1612 499 1672 duos
518 1619 649 1692 (quorum
668 1615 803 1672 memoria
828 1613 856 1669 iu
879 1611 1084 1671 benedictione

69 1703 115 1770 est)
134 1709 239 1760 statuta
258 1700 322 1771 die,
346 1701 459 1759 tametsi
477 1699 546 1758 nulli
568 1700 631 1759 iere
649 1699 778 1778 episcopi
798 1697 1011 1770 convenissent,
1036 1697 1084 1757 bic

70 1799 123 1842 esse
139 1787 237 1845 voluit.
285 1786 336 1857 lli,
355 1796 441 1864 atque
460 1784 574 1845 additus
593 1785 636 1844 eis
658 1785 744 1863 paulo
761 1794 829 1862 post
846 1784 961 1854 tertius,
981 1802 1084 1843 novem

70 1886 168 1930 menses
195 1882 284 1952 atque
312 1890 348 1932 ee
376 1870 494 1950 amplius
522 1872 623 1929 iustum
651 1869 688 1928 ad
715 1867 854 1948 synodum
881 1867 1084 1928 instituendam

71 1954 258 2036 episcoporum
278 1975 425 2017 numerum
447 1955 503 2014 hoo
527 1957 555 2014 in
579 1956 645 2014 loco
670 1954 739 2012 nibil
758 1963 879 2032 agentes
896 1965 1084 2032 exspectave-

70 2049 138 2111 runt,
160 2062 243 2121 quum
267 2047 380 2103 interea
403 2042 472 2102 nihil
495 2039 573 2100 aliud
596 2040 732 2099 Pontifex
755 2042 816 2119 ipse
839 2049 888 2098 ιιι
910 2050 1013 2118 ageret
1035 2049 1085 2098 aut

71 2123 257 2202 meditaretur,
284 2148 365 2209 quam
388 2138 421 2187 ut
441 2127 542 2187 Patres
566 2145 647 2206 qnam
670 2127 797 2206 plurimi,
821 2143 902 2204 quom
922 2126 1034 2204 optimi,
1054 2135 1087 2184 et

72 2225 142 2284 quam
166 2217 288 2294 primum
315 2215 371 2274 bue
398 2212 587 2284 accederent,
616 2223 646 2272 et
673 2212 827 2271 Christiani
854 2212 975 2270 nominis
998 2228 1085 2289 reges

73 2311 158 2356 omues
178 2321 213 2360 ac
236 2303 384 2381 principes
403 2319 470 2359 suos
487 2299 543 2360 huc
562 2309 695 2358 oratores
713 2299 872 2368 mitterent,
893 2305 924 2356 ut
942 2299 1084 2356 communi

73 2383 181 2444 omnium
204 2398 274 2446 voto
298 2397 383 2465 atque
403 2385 525 2444 consilio
545 2385 700 2444 communis
719 2384 791 2443 haec
811 2401 897 2442 eausa
916 2383 1085 2460 gravissima

73 2467 180 2528 omnium
203 2482 290 2552 atque
313 2472 436 2530 maxima
457 2480 641 2529 tractaretur.
694 2467 767 2542 Quid
789 2488 859 2528 vero
882 2477 984 2546 postea
1008 2468 1084 2526 omui

75 2564 146 2624 cura,
168 2556 378 2628 sollicitudine,
402 2555 558 2634 sumptibus
580 2555 787 2634 praetermisit,
812 2553 888 2634 quod
906 2553 943 2612 ad
967 2553 1084 2614 concilii

73 2629 143 2695 buius
159 2641 380 2721 amplitudinem,
401 2640 561 2701 libertatem
579 2652 610 2700 et
627 2639 804 2702 commodum
823 2641 969 2719 pertinere
988 2641 1083 2718 aliquo

73 2720 146 2780 modo
162 2727 330 2789 videretur?
370 2727 393 2788 0
412 2727 585 2805 singularem
608 2728 733 2804 pastoris
751 2745 785 2785 ιι
805 2727 893 2804 patris
912 2727 1003 2784 nostri
1022 2726 1084 2803 pie-

74 2810 148 2866 tatem
169 2824 254 2894 atque
272 2812 473 2895 prudentiaml·
503 2811 527 2872 0
545 2824 679 2871 summam
702 2813 788 2871 ctiam
813 2808 940 2870 eiusdem
959 2812 1084 2869 felicita·

73 2895 130 2962 ¹⁰³1,
156 2901 234 2960 cuius
262 2903 433 2961 auctoritate
460 2910 544 2978 atque
572 2899 707 2977 auspiciis
733 2899 868 2956 iactatum
896 2896 951 2953 hoe
978 2893 1026 2953 din
1054 2904 1085 2953 et

74 2977 196 3050 ³tt'tatnm
220 2988 373 3047 concilium
393 2986 522 3046 constitit
544 2994 574 3043 et
596 2983 788 3063 conquiescit!
825 2983 866 3040 Te
885 2980 1000 3040 Paulum
1020 2979 1082 3050 lll.,

74 3061 207 3129 talutium
226 3083 354 3131 mortrms
372 3072 501 3152 appell03
526 3069 657 3148 quamdiu
681 3077 842 3147 quantoque
865 3064 959 3126 studio
982 3065 1082 3125 videre

75 3148 139 3219 l¹¹⁰d
157 3173 207 3215 uos
220 3157 349 3217 ridemus
368 3157 544 3236 exoptastisl
570 3167 638 3234 quot
655 3156 685 3214 iu
703 3173 766 3214 eam
784 3173 844 3213 rem
859 3163 994 3231 sumptus,
1014 3162 1084 3231 quot

75 3225 174 3298 liberes
192 3243 396 3323 insumpsistlsl
432 3241 620 3316 Quamobrem
643 3259 712 3300 rere
736 3241 788 3299 tihi
812 3250 896 3318 atque
921 3258 958 3296 ex
976 3241 1080 3309 auimo,

75 3309 306 3390 Poemenius
330 3349 364 3390 ac
388 3328 566 3398 beatissime,
586 3327 774 3406 gratulamur,
800 3324 883 3405 quod,
899 3334 1004 3382 tautam
1029 3323 1081 3382 tibi
1095 3339 1132 3380 ιιι

75 3395 210 3499 laetitiam,
234 3427 339 3476 mutam
364 3420 413 3475 tuo
436 3414 542 3473 nomini
568 3411 678 3471 laudem
703 3412 744 3488 (id
768 3409 842 3490 quod
866 3411 1015 3469 maximum
1039 3407 1082 3466 di-

71 3499 147 3582 -ιιιι
168 3497 195 3556 in
217 3511 246 3562 te
265 3502 485 3563 benevolentiae
505 3510 701 3576 argumentum
720 3502 774 3574 est)
793 3497 931 3556 Dominus
949 3513 1083 3554 reserva·

75 3581 117 3643 V¹h
135 3597 212 3656 quem
230 3607 281 3648 uos
300 3588 435 3667 precibus
453 3584 582 3645 omuibus
601 3604 635 3642 ac
653 3584 728 3642 votis
746 3584 889 3662 supplices
908 3601 1030 3652 oramus,
1050 3591 1081 3639 ut
1167 3605 1171 3610 ·

76 3661 100 3710 ῑθ
116 3665 192 3726 nobis
210 3673 378 3734 incolumem
397 3692 451 3753 pro
470 3670 614 3731 ecclesiae
633 3687 701 3728 suae
720 3679 837 3727 sanetae
862 3665 1012 3726 commodo
1036 3677 1082 3723 ιι-

76 3754 301 3819 lucernensem
325 3770 355 3819 et
373 3779 455 3839 quam
475 3756 610 3816 citissime
633 3749 760 3826 reddat,
774 3763 804 3813 et
821 3770 903 3831 quam
923 3750 1079 3811 diutissime

48 3867 49 3872 κ
76 3841 222 3900 e⁰1¹servet.
272 3843 462 3906 Serenissimo
486 3845 571 3902 etiarn
603 3840 769 3918 imperatori
793 3839 900 3916 gratias
923 3857 1026 3914 agere,
1050 3847 1081 3895 et

77 3920 200 3984 gratulari
225 3931 287 3992 iuro
315 3934 421 4011 optimo
449 3927 594 3988 debemus.
644 3925 695 3984 lllc
724 3923 982 4004 potentissimorum
1013 3939 1081 3979 cae-
