2652 4330
220 244 269 304 ιε
421 237 640 294 snsuov.
673 239 733 294 nn
755 241 883 299 unco.
906 216 1030 304 oltra.

221 369 366 463 impressi,
390 379 555 442 authentice
573 391 725 460 appareat,
748 381 834 462 idque
853 381 957 460 totum,
979 389 1036 450 lnoc
1055 403 1113 466 est,
1137 405 1168 454 et
1184 415 1250 476 pro-

221 470 300 529 batio
317 478 350 528 et
367 483 497 537 examen,
517 466 608 543 gratis
626 467 685 540 liat,
704 478 736 528 ut
752 469 903 549 probanda
919 473 1088 553 probentur,
1106 489 1137 539 et
1150 500 1249 562 repro·

222 556 326 616 bantur
343 549 540 632 improbanda.

308 639 377 700 Post
394 639 482 710 liaeo,
507 638 700 700 temeritatem
723 639 800 700 illam
818 645 976 721 reprimere
999 648 1114 722 volens,
1142 661 1198 732 qua
1215 653 1249 714 ad

222 726 344 806 profana
365 740 495 804 quaeque
519 733 725 783 convertuntur
746 735 777 784 et
794 737 966 808 torquentur
982 733 1071 792 verba
1088 733 1119 794 et
1137 749 1249 800 seuten-

222 813 279 870 tiae
303 828 405 870 sacrae
427 807 603 886 scripturae,
630 806 667 868 ad
690 811 823 872 scurrilia
842 816 970 889 scilicet,
997 818 1142 894 fabulosa,
1168 843 1248 898 vana,

222 894 416 965 adulationes,
445 891 656 966 detractiones,
684 899 914 975 superstitiones,
926 903 1027 981 impias
1045 917 1076 965 et
1093 905 1249 970 diabolicas

221 981 448 1051 incantationes,
481 977 686 1051 divinationes,
719 993 828 1054 sortes,
856 984 970 1046 libellos
997 990 1083 1049 etiam
1110 993 1248 1056 lamosos:

221 1062 338 1125 mandat
360 1073 390 1124 et
411 1063 555 1142 praecipit
577 1061 613 1123 ad
636 1065 791 1126 tollendam
809 1068 970 1130 huiusmodi
987 1075 1206 1140 irreverentiam
1224 1093 1251 1141 et

222 1158 429 1229 contemptum,
457 1168 494 1208 ne
513 1147 549 1208 de
565 1159 665 1210 eutero
680 1153 826 1232 quisquam
840 1158 1056 1235 quomodolibet
1071 1164 1161 1224 verbe
1181 1170 1251 1226 scri·

221 1245 324 1314 pturae
347 1252 448 1294 sacrae
472 1232 509 1294 ad
532 1234 605 1294 baec
629 1247 660 1295 et
681 1239 783 1299 similia
802 1239 908 1302 audeat
925 1257 1077 1324 usurpare,
1105 1261 1136 1309 ut
1154 1270 1250 1312 omues

221 1321 303 1380 huius
332 1321 448 1400 generis
474 1319 605 1379 homines
632 1331 822 1385 temeratores
849 1338 880 1386 et
905 1329 1062 1393 violatores
1088 1336 1169 1396 verbi
1198 1339 1250 1398 uei

221 1407 291 1466 iuris
310 1417 340 1466 et
358 1405 471 1464 arbitrii
488 1407 591 1484 poenis
609 1426 663 1485 per
680 1411 833 1490 episcopos
852 1427 1052 1477 coerceantur.

547 1541 657 1594 lndictio
676 1547 780 1596 futurae
798 1549 931 1602 sessionis.

307 1626 379 1688 ltem
398 1628 470 1688 haec
488 1641 675 1689 sacrosancta
692 1632 818 1710 synodus
836 1637 936 1696 statuit
949 1648 980 1697 et
993 1637 1134 1716 decernit,
1154 1649 1250 1724 proxi·

221 1733 294 1776 mam
317 1715 441 1773 futuram
464 1715 621 1773 sessionem
645 1715 798 1776 tenendam
821 1731 852 1778 et
874 1722 1075 1786 celebrandam
1095 1747 1158 1789 esse
1178 1733 1250 1794 feria

220 1799 321 1879 quinta
349 1810 415 1880 post
432 1800 653 1859 sacratissimum
671 1802 774 1861 festum
792 1807 952 1885 proximum
970 1807 1169 1875 pentecostes.

630 1979 843 1996 ——n—

518 2099 700 2151 sessio
735 2101 954 2172 cuturn,

621 2197 853 2247 onnnnnnrn

419 2288 485 2334 nnn
501 2287 596 2335 xvrr.
615 2289 755 2338 nensis
773 2293 877 2341 sunu
894 2297 1046 2345 noxuvn

322 2418 565 2466 DECRETUM
592 2421 644 2468 DE
670 2422 873 2485 PECGATO
899 2427 1146 2484 onustatur.
1216 2469 1220 2474 -

308 2513 347 2574 Ut
364 2515 436 2576 fides
454 2528 553 2576 nostra
572 2519 729 2592 catholiea,
758 2525 821 2583 sine
845 2544 900 2604 qua
922 2527 1098 2607 impossibile
1122 2546 1167 2594 est
1189 2540 1251 2616 pla·

223 2619 291 2660 cere
310 2600 372 2660 lleo
388 2604 431 2676 1),
459 2605 588 2682 purgatis
611 2607 758 2666 erroribus
781 2609 810 2666 in
832 2629 884 2669 sua
901 2613 1069 2676 sinceritate
1088 2621 1201 2700 integra
1222 2635 1251 2683 et

222 2686 332 2744 illibata
349 2698 526 2766 permaneat,
545 2699 576 2748 et
594 2709 629 2748 ne
648 2692 768 2770 populus
783 2693 961 2756 Christianus
980 2703 1056 2762 omni
1073 2715 1161 2765 vento
1180 2706 1251 2768 doc·

223 2772 316 2831 trinae
345 2773 619 2846 circumferatur2),
653 2795 735 2854 quum
758 2782 949 2858 serpensille
976 2788 1108 2867 antiquus
1121 2793 1166 2864 ³),
1198 2794 1251 2853 bu-

187 2859 297 2919 ttmani
317 2857 433 2936 generis
451 2869 605 2938 perpetuus
623 2859 723 2933 bostis,
743 2864 819 2924 iuter
835 2867 957 2944 plurima
975 2872 1062 2945 mala,
1083 2876 1183 2954 quibus
1202 2895 1250 2938 eo-

223 2944 312 3002 clesia
330 2942 384 3003 Dei
408 2942 451 3002 bis
470 2945 575 3004 nostris
594 2947 768 3025 temporibus
786 2953 984 3030 perturbatur,
1013 2961 1098 3018 etiam
1122 2960 1159 3022 de
1182 2983 1251 3042 pec-

223 3039 288 3088 cato
312 3029 448 3108 originali
471 3032 588 3110 eiusque
611 3031 739 3092 remedio
763 3054 820 3096 non
843 3039 934 3098 solum
957 3059 1044 3115 nova,
1076 3045 1129 3106 sed
1150 3059 1250 3109 vetera

221 3115 309 3172 etiam
327 3114 446 3191 dissidia
464 3117 650 3176 excitaverit:
668 3133 855 3182 sacrosancta
874 3130 1061 3188 oecumenica
1079 3141 1110 3191 et
1127 3151 1250 3211 genera·

222 3197 257 3256 lis
275 3197 443 3260 Tridentina
466 3199 600 3279 synodus,
620 3203 647 3262 in
661 3201 771 3283 Spiritu
793 3219 894 3268 sancto
913 3211 1041 3290 legitime
1061 3231 1248 3298 congregata,

221 3283 452 3363 praesidentibus
475 3287 504 3344 in
527 3304 562 3345 ea
586 3287 693 3366 eisdem
716 3291 807 3351 tribus
830 3297 1010 3372 apostolicae
1033 3299 1111 3362 sedis
1135 3305 1248 3383 legatis,

222 3371 277 3428 iarn
305 3369 341 3429 ad
365 3368 544 3432 revocandos
566 3384 698 3432 errantes
721 3385 751 3434 ct
772 3387 905 3438 uuuutes
928 3385 1140 3454 confirmandos
1163 3409 1249 3450 acce·

222 3451 293 3512 dere
310 3455 424 3528 volens,
443 3475 589 3520 sacrarum
607 3460 821 3538 scripturarum,
840 3474 871 3524 et
888 3479 1051 3528 sanctorum
1069 3469 1195 3547 Petrum,
1215 3495 1248 3535 ao

221 3537 484 3615 probatissimorum
504 3541 692 3603 conciliorum
710 3548 874 3609 testimonia
891 3563 922 3611 et
940 3555 1028 3634 ipsius
1046 3559 1191 3622 ecclesiae
1206 3563 1247 3620 iu-

222 3620 327 3682 dicium
345 3635 376 3685 et
393 3647 562 3688 consensum
585 3639 698 3702 secuta,
726 3631 799 3694 baec
822 3633 858 3696 de
882 3639 945 3716 ipso
967 3651 1091 3719 peccato
1114 3647 1247 3724 originali

221 3710 334 3780 statuit,
353 3711 460 3770 fatetur
478 3733 512 3772 ac
532 3713 674 3773 declarate

221 3833 433 3849 *a*

272 3887 350 3936 Sese.
366 3892 395 3938 V.
414 3896 434 3946 t)
446 3893 508 3937 liebr
526 3894 765 3954 X1.t‚··t)llpbes.
776 3899 818 3944 lv.
829 3904 861 3946 st.
871 3907 928 3960 —t)
939 3904 999 3950 Gen.
1009 3906 1044 3952 11.
1131 3961 1134 3966 ,
