2654 4334
281 257 460 316 APPltott.
479 256 609 310 thtc.
626 256 738 312 IilBli.
754 257 925 311 Paomis.
1048 259 1123 318 {a}

85 395 194 478 synodi
213 395 334 456 decreto
352 396 376 456 is
394 394 482 456 index
499 395 582 458 nohis
601 397 713 456 oblatus
731 398 841 470 inisset,
860 409 945 457 utne
964 408 1031 458 ante
1050 396 1120 460 ede·

86 495 181 555 retur,
201 481 404 561 quamanobis
421 481 597 561 approbatus
614 483 724 554 fuisset,
744 501 796 541 nos
814 481 987 542 doctissimis
1006 485 1122 563 quibus·

87 569 155 629 dam
179 568 442 648 probatissimisque
469 568 606 646 praelatis
634 586 698 627 enm
725 569 941 628 accuratissime
969 568 1121 647 legendum

88 651 367 731 examinandumque
388 651 564 724 tradidimus,
583 662 614 711 ct
631 653 686 731 ipsi
704 653 790 712 etiam
810 653 939 730 legimus.

179 738 269 811 Quum
279 739 439 816 igiturenm
454 757 557 815 magno
572 735 682 809 studio,
697 739 759 798 acri
772 736 890 809 iudicio,
906 737 1037 798 diuturna
1053 759 1123 798 cura

89 825 266 896 coniectum,
282 833 473 902 etpraetcrea
483 820 711 884 commodissime
721 822 862 901 digestum
873 843 937 884 csse
948 827 1122 902 cognoveri·

88 930 166 971 musa
190 909 252 970 Nos
267 909 352 970 saluti
365 909 520 968 animarum
531 910 693 980 consulere,
709 928 828 989 eamque
845 910 880 967 ob
896 929 1010 969 causam
1025 912 1122 990 provi-

90 996 163 1056 dere
179 996 338 1074 cupientes,
354 1013 389 1053 nc
405 994 471 1054 libri
486 1003 516 1054 et
529 995 637 1073 scripta
651 997 843 1074 cuiuscunque
859 997 988 1074 generis,
1005 996 1122 1074 quaein

91 1103 127 1142 eo
142 1081 343 1160 improbantur
356 1080 417 1139 sive
431 1089 463 1137 ut
477 1080 635 1152 haeretica,
651 1081 710 1140 sive
720 1090 752 1140 ut
765 1079 801 1140 de
816 1081 965 1140 haeretica
979 1081 1121 1159 pravitate

91 1177 237 1246 suspecta,
257 1167 316 1226 sive
331 1176 363 1225 ut
375 1166 476 1244 pietati
491 1185 526 1224 ac
540 1184 649 1224 morum
663 1166 807 1225 honestati
822 1167 942 1237 inutilia,
962 1177 1010 1224 aut
1027 1167 1122 1245 aliqua

92 1253 278 1313 correctione
303 1252 403 1311 saitem
425 1248 598 1328 indigentia,
622 1251 741 1330 posthac
760 1271 778 1310 a
797 1251 902 1310 Christi
927 1251 1057 1311 fidelibus
1081 1253 1122 1311 le·
1135 1263 1175 1306 sua

93 1349 212 1417 gantur,
236 1338 328 1416 ipsum
350 1334 475 1396 indicem
499 1355 554 1396 una
578 1355 640 1395 cnm
660 1337 768 1414 regulis
786 1339 814 1396 ci
831 1338 1005 1416 praepositis
1022 1347 1122 1397 aueto-

91 1426 179 1483 ritate
197 1422 359 1500 apostolica
376 1433 478 1482 tenore
501 1423 694 1501 praesentium
716 1423 920 1501 approbamus,
944 1424 1122 1502 imprimique
1188 1481 1199 1506 0

92 1529 127 1569 ac
147 1507 299 1586 divulgari,
318 1518 349 1568 et
366 1506 401 1566 ab
422 1507 550 1568 omnihus
568 1508 799 1568 universitatibus
818 1509 982 1580 catholicis,
1007 1529 1042 1567 ac
1062 1511 1124 1587 qui·

92 1596 261 1672 buscunquc
279 1594 343 1653 aliis
361 1593 465 1671 ubique
484 1594 599 1671 suscipi,
619 1612 725 1672 easque
744 1593 859 1671 regulas
878 1592 1026 1652 observari
1045 1613 1123 1652 man·

93 1679 194 1740 damus
213 1689 298 1758 atque
318 1677 512 1751 decemimus3
535 1678 699 1738 inhibentes
718 1679 846 1738 omnibus
865 1689 896 1736 et
913 1678 1041 1757 singuiis,
1066 1688 1123 1737 tam

95 1765 303 1826 ecclesiasticis
325 1765 457 1844 personis
475 1763 670 1823 saecularibus
681 1774 711 1823 et
720 1762 910 1840 regularibus,
930 1766 1123 1842 cuiuscunque

94 1849 212 1930 gradus,
231 1848 340 1909 ordinis
350 1848 536 1927 etdignitatis
550 1850 616 1920 sint,
636 1868 717 1927 quam
733 1849 815 1909 laicis
830 1868 997 1928 quocunque
1013 1849 1123 1908 honore

94 1957 130 1997 ac
149 1934 291 2014 dignitate
309 1934 462 2015 praeditis,
487 1953 522 1993 nc
542 1935 603 2013 quis
622 1944 724 1993 contra
742 1953 839 1993 earum
858 1934 1020 2012 regularum
1038 1953 1125 2012 prac-

93 2023 232 2099 scriptum
255 2030 304 2080 aut
327 2022 415 2099 ipsius
436 2019 659 2100 prohibitionem
682 2018 784 2079 indicis
812 2019 901 2080 libros
928 2020 1001 2080 ullos
1024 2019 1125 2099 legere

94 2108 241 2167 hahereve
260 2104 374 2166 audeat.

183 2191 214 2252 Si
234 2193 295 2271 quis
314 2201 408 2250 autem
427 2189 564 2250 adversus
583 2209 632 2250 eas
650 2190 766 2270 regulas
784 2188 1063 2270 prohibitionemque
1082 2191 1125 2251 ie-

95 2281 181 2350 cerit,
200 2280 225 2337 is
244 2276 368 2358 quidem,
388 2278 434 2354 qui
453 2275 666 2336 haereticorum
684 2277 774 2336 libros
790 2276 837 2336 vel
857 2277 979 2336 cuiusvis
998 2278 1126 2337 auctoris

94 2366 204 2442 scripta
226 2373 347 2442 propter
372 2363 513 2421 haeresim
536 2361 582 2420 vel
605 2362 670 2421 falsi
693 2360 834 2442 dogmatis
861 2363 1051 2442 suspicionem
1076 2360 1126 2420 da-

93 2459 189 2508 mnata
210 2460 294 2527 atque
313 2447 458 2526 prohibita
476 2447 582 2524 legerit
599 2447 776 2521 habueritve‚
800 2449 862 2526 ipso
881 2448 943 2508 iure
962 2449 991 2506 in
1010 2467 1127 2508 excom·

94 2535 297 2594 manicationis
316 2552 436 2612 poenam
459 2531 582 2603 incidat,
606 2553 724 2613 eamque
744 2535 780 2592 ob
801 2553 914 2594 causam
933 2535 961 2592 in
981 2553 1045 2595 eum
1064 2544 1128 2593 tan-

96 2640 180 2700 quam
199 2618 236 2678 de
254 2619 368 2678 haeresi
391 2628 552 2696 suspectum
576 2619 681 2698 inquiri
699 2630 729 2679 et
745 2618 866 2697 procedi
886 2621 986 2691 liceat,
1009 2630 1128 2701 praeter

96 2707 169 2766 alias
187 2724 296 2785 poenas
315 2723 401 2782 super
414 2702 470 2762 hoc
485 2703 521 2762 ah
536 2705 695 2783 apostolica
714 2704 782 2764 sede
802 2706 950 2784 sacrisque
970 2705 1128 2766 canonibus

96 2792 279 2850 constitutas.
315 2788 368 2863 Qui
386 2800 480 2848 antem
500 2788 589 2848 libros
607 2789 664 2847 alia
683 2787 719 2848 de
739 2809 824 2849 causa
843 2790 1003 2868 prohibitos
1022 2791 1129 2868 legerit

96 2877 281 2947 habueritve‚
305 2886 422 2955 praeter
443 2875 558 2953 peccati
581 2872 709 2933 mortalis
732 2885 841 2934 reatum
861 2877 1061 2955 episcoporum
1081 2894 1128 2933 ar·

96 2964 192 3022 bitrio·
208 2980 310 3021 severe
329 2981 360 3020 se
380 2961 492 3020 noverit
514 2958 701 3038 puniendum,
730 2979 786 3017 non
815 2959 992 3018 obstantibus
1021 2961 1130 3019 consti-

96 3048 254 3107 tutionibus
265 3058 296 3106 et
305 3045 533 3106 ordinationibus
547 3045 714 3126 apostolicis
730 3044 884 3104 contrariis
903 3045 1127 3125 quibuscunque,

95 3143 148 3192 aut
166 3135 189 3192 si
209 3131 349 3212 aliquibus
368 3132 557 3192 communiter
573 3133 620 3190 vel
639 3130 749 3190 divisim
768 3130 803 3189 ab
823 3129 923 3190 eadem
942 3128 1011 3190 sede
1030 3132 1067 3190 sit
1085 3131 1130 3188 in·
1227 3158 1229 3162 ·

98 3217 216 3291 dultum,
236 3238 272 3278 ne
292 3218 534 3278 excommunicari
552 3219 664 3297 possint
679 3235 733 3296 per
750 3217 850 3276 literas
867 3217 1052 3296 apostolicas,
1072 3235 1129 3274 non

97 3305 241 3364 iacientes
268 3305 380 3382 plenam
408 3315 439 3363 et
465 3323 629 3382 expressam
656 3323 691 3363 ac
719 3302 755 3363 de
779 3302 868 3363 verbo
891 3301 1067 3362 adverbum
1091 3299 1128 3360 de

97 3389 209 3449 induite
229 3388 388 3449 huiusmodi
407 3391 593 3450 mentionem.

185 3473 224 3536 Ut
240 3476 313 3535 haec
329 3487 423 3534 antem
437 3474 474 3534 ad
489 3476 612 3535 omnium
631 3477 761 3535 notitiam
779 3474 957 3555 perveniant,
977 3491 1048 3532 neve
1068 3472 1129 3551 quis

97 3561 286 3621 excusatione
309 3561 499 3640 ignorationis
517 3561 559 3620 uti
576 3563 681 3640 possit,
705 3561 832 3620 volumus
850 3570 881 3619 et
898 3556 1076 3630 mandamus,
1099 3568 1131 3617 nt

97 3644 153 3705 hae
173 3647 276 3707 literae
294 3666 348 3726 per
365 3648 476 3726 aliquos
494 3656 610 3706 nostrae
631 3648 729 3706 curiae
748 3664 881 3706 cursores
896 3646 925 3703 in
940 3642 1130 3704 basilicaVa-

98 3733 196 3791 tic'ana
214 3733 352 3813 principis
369 3729 583 3811 Apostolorum,
602 3743 634 3792 et
649 3733 679 3790 in
697 3732 824 3792 eeclesia
842 3729 1032 3798 Laterancnsi
1051 3739 1129 3802 tunc,

99 3837 184 3895 quum
203 3818 232 3878 in
252 3819 294 3878 eis
313 3820 444 3898 populus,
462 3827 494 3878 nt
512 3820 659 3877 missarum
678 3817 843 3890 solennibus
860 3818 984 3889 intersit,
1005 3833 1129 3892 congre·
1182 3868 1187 3874 .

100 3905 163 3992 gari
182 3903 271 3978 solet,
295 3903 388 3984 palam
407 3915 436 3964 et
455 3904 534 3964 clara
552 3922 625 3964 voce
643 3904 813 3978 recitentur,
837 3914 868 3962 et
885 3913 1033 3984 postquam
1053 3901 1130 3960 reci·
