2654 4330
140 287 145 298 ,,
190 235 452 292 sussionis
486 235 950 292 musac·1tttt1,c.uttssnn.
1008 239 1080 295 m
1177 321 1183 344 Ι

180 379 209 424 c.
228 379 247 424 t.
285 376 326 424 De
343 377 508 428 institutione
525 378 800 426 sacrosanctissima
818 375 951 437 ruomfirs't.

139 479 281 551 Quoniam
309 478 360 538 sub
386 480 478 558 priori
505 489 695 550 testamento,
721 487 796 538 teste
820 476 960 559 Apostolo
978 477 1078 552 Paulo,
1129 505 1154 552 χ

63 574 170 644 propter
187 562 315 622 Levitici
338 562 494 623 sacerdotii
525 564 749 623 imbecillitatem
787 565 991 623 consumatio
1019 583 1077 623 non

64 659 130 718 erat,
149 649 296 727 oportuit,
324 646 386 707 Deo
402 645 487 709 Patre
506 647 767 708 misericordiarum
786 648 827 706 ita
846 647 1012 719 ordinante,
1031 667 1077 707 sa-

64 731 199 792 cerdotem
224 734 312 791 alium
336 731 490 793 secundnm
513 731 642 792 ordinem
663 729 916 806 Melchisedecb1)
946 751 1077 811 surgere,

62 818 201 878 Dominum
220 828 352 876 nostrum
371 818 463 878 lesum
482 817 642 889 Christum,
671 819 717 898 qui
735 827 833 897 posset
850 836 967 889 omnes,
995 829 1077 897 quot·

63 913 120 980 quot
137 901 341 962 sanctificandi
359 912 469 976 essent,
489 922 684 964 consummare
707 912 737 961 et
754 899 791 960 ad
809 904 968 982 perfectum
986 902 1077 962 addu-
1090 932 1131 973 110

64 1006 132 1046 cere.
178 987 206 1047 ls
225 988 320 1065 igitur
336 987 413 1047 Deus
436 999 467 1047 et
488 986 626 1047 Dominus
649 998 762 1058 noster,
787 989 858 1047 etsi
877 988 964 1048 semel
983 1007 1014 1048 se
1032 989 1077 1068 ip·

62 1091 111 1130 sum
128 1074 155 1131 in
182 1091 234 1132 ara
255 1073 366 1144 crucis,
394 1083 486 1133 morte
514 1071 727 1144 intercedente,
751 1071 814 1132 Deo
832 1071 911 1132 Patri
931 1073 1077 1134 oblaturus

62 1167 124 1229 erat,
141 1168 173 1216 ut
190 1168 344 1224 aeternam
363 1157 422 1217 illic
442 1156 667 1237 redemptionem
687 1167 871 1236 operaretur,
898 1159 964 1237 quia
981 1169 1077 1218 tamen

62 1261 106 1318 per
124 1253 245 1303 mortem
270 1241 464 1302 sacerdotium
493 1244 554 1302 eius
576 1240 813 1320 exstinguendum
837 1245 1028 1318 nouerant),
1048 1246 1077 1302 in

63 1345 143 1385 coena
160 1329 336 1399 novissima,
365 1347 419 1408 qua
442 1339 527 1387 nocte
547 1326 732 1399 tradebatur,
760 1337 791 1385 ut
809 1326 933 1387 dilectae
953 1348 1076 1406 sponsae
1101 1387 1103 1405 ,

63 1430 120 1470 snae
138 1413 285 1473 ecclesiae
304 1412 435 1485 visibile,
461 1414 536 1472 sicut
562 1412 703 1471 bominum
723 1414 960 1492 naturaenigit,
989 1414 1077 1472 relin-
1093 1389 1106 1523 ll

64 1507 151 1572 queret
177 1497 372 1568 sacrificinm,
401 1517 455 1577 quo
484 1508 630 1557 cruentum
658 1495 727 1556 illud
745 1499 833 1557 semel
857 1500 885 1557 in
905 1517 991 1557 cruce
1010 1491 1096 1576 per-⁸

65 1579 189 1657 agendum
218 1593 506 1662 repraesentaretur,
534 1583 652 1664 eiusque
679 1583 816 1642 memoria
835 1582 863 1640 in
882 1583 965 1642 linem
984 1599 1075 1661 usque

64 1667 158 1725 saeculi
176 1669 412 1746 permanereti),
432 1678 517 1746 atque
536 1668 610 1726 illius
628 1667 761 1727 salutaris
779 1669 868 1736 virtus
887 1668 915 1728 in
930 1669 1076 1726 remissio-

66 1769 117 1809 nem
135 1771 243 1824 eorum,
264 1772 338 1832 quae
357 1773 375 1811 a
393 1753 474 1811 nobis
498 1751 629 1834 quotidie
647 1755 869 1824 committuntur,
889 1762 1076 1830 peccatorum

66 1836 264 1912 applicaretur,
286 1836 468 1897 sacerdotem
486 1836 641 1896 secundum
661 1835 790 1898 ordinem
809 1835 1024 1896 Melchisedech
1044 1857 1078 1896 se

66 1918 249 1981 iuaeternum
279 1925 463 1984 constitutum
492 1920 642 1982 declarans
653 1923 700 1995 ⁴),
728 1940 833 2000 corpus
857 1931 888 1980 et
910 1923 1076 1999 sanguinem

66 2022 132 2064 suom
153 2009 203 2067 sub
227 2007 380 2087 speciebus
402 2009 483 2089 panis
507 2007 617 2066 etvini
640 2005 702 2066 Deo
725 2005 804 2065 Patri
828 2005 940 2077 obtulit,
965 2025 1000 2064 ac
1023 2005 1078 2065 sub

66 2090 203 2152 eanundem
232 2112 330 2153 rernm
356 2093 493 2172 symbolis
519 2091 687 2171 Apostolis,
716 2111 786 2171 qnos
813 2101 880 2150 tunc
899 2093 967 2150 novi
985 2100 1076 2150 testa·

67 2179 140 2234 nenti
156 2177 327 2238 sacerdotes
346 2177 554 2248 constituebat,
579 2186 610 2236 ut
631 2188 789 2248 sumerent,
814 2173 945 2258 tradidit,
970 2185 999 2236 et
1018 2177 1076 2236 eis-

68 2256 135 2332 dem,
162 2281 321 2343 eorumque
347 2263 376 2321 in
404 2261 569 2325 sacerdotio
597 2260 832 2342 suecessoribus,
865 2273 896 2321 nt
924 2259 1074 2348 olierrcnt,

68 2349 199 2426 praecepit
224 2369 279 2429 per
305 2349 378 2408 baec
403 2347 506 2408 verba:
537 2351 602 2408 Huc
619 2345 720 2426 sorite
746 2349 887 2408 tamenn
906 2365 1075 2406 commemo·
1155 2389 1158 2396 ·
1198 2387 1199 2398 ι

68 2431 197 2492 rationem
207 2435 247 2510 ⁵),
268 2435 309 2494 uti
329 2451 442 2512 semper
461 2433 603 2492 catholica
622 2433 747 2494 ecclesia
764 2433 908 2492 intellexit
926 2441 956 2490 et
965 2430 1073 2491 docuit.

68 2509 128 2572 Nam
145 2519 293 2592 celebrato
311 2519 404 2578 veteri
431 2519 555 2598 pascha,
584 2518 659 2598 quod
686 2520 715 2577 in
742 2519 907 2578 memoriam
926 2519 1019 2576 exitus
1038 2516 1075 2577 de

68 2595 186 2680 Aegypto
205 2604 356 2664 multitudo
376 2604 497 2664 liliorum
516 2603 606 2664 lsrael
624 2603 788 2664 immolabat
797 2603 846 2678 ⁰),
873 2622 975 2662 novum
994 2603 1075 2662 insti-

69 2683 112 2742 ltlit
126 2690 230 2766 pascha
255 2709 286 2748 se
305 2692 409 2768 ipsum,
433 2689 469 2748 ah
492 2691 617 2749 ecclesia
641 2709 694 2770 per
717 2688 887 2749 sacerdotes
910 2687 961 2748 sub
985 2689 1074 2766 signis

69 2766 208 2833 visibilibus
235 2773 436 2834 immolandum
469 2776 498 2834 in
525 2777 688 2834 memoriam
716 2775 852 2833 transitus
879 2773 922 2832 sui
954 2791 991 2831 ex
1017 2773 1074 2834 boc

68 2852 156 2914 mundo
174 2858 210 2918 ad
227 2858 362 2932 Patrem,
390 2859 502 2940 quando
531 2879 584 2940 per
611 2861 653 2918 sui
672 2861 817 2937 sanguinis
836 2857 1003 2919 effusionem
1021 2876 1075 2915 nos

69 2934 183 3017 redemit,
202 2945 401 3026 eripuitquel)
421 2943 456 3004 de
474 2955 618 3025 potestate
642 2944 842 3012 tenebrarum,
861 2952 891 3000 et
908 2943 937 3000 in
955 2959 1075 3018 regnum

69 3037 133 3082 suum
150 3032 302 3090 transtulit
321 3084 324 3089 ,
347 3021 385 3088 El
402 3030 474 3090 baec
494 3030 606 3109 quidem
623 3030 673 3087 illa
691 3027 793 3086 munda
812 3025 919 3085 oblatio
930 3035 983 3096 est,
1001 3031 1099 3138 qnaep
1128 3079 1144 3127 α

70 3107 133 3166 nulla
165 3113 335 3194 indignitate
363 3126 412 3174 aut
448 3116 555 3174 malitia
583 3113 764 3174 offerentium
792 3110 934 3189 inquinari
962 3119 1098 3189 potest31

70 3208 138 3266 quam
158 3195 293 3276 Dominus
315 3219 368 3280 per
389 3199 561 3261 Malachiam
571 3202 599 3274 8)
624 3200 730 3258 nomini
753 3218 819 3268 suo,
844 3193 919 3277 quod
943 3213 1074 3272 magnum

70 3272 176 3341 futurum
193 3297 271 3347 essct
293 3286 488 3364 ingentibus,
511 3287 540 3344 in
563 3285 639 3344 omni
662 3285 728 3344 loco
747 3282 878 3344 mundam
896 3278 1074 3340 offerendam

70 3363 214 3442 praedixit,
238 3382 267 3432 et
286 3390 368 3452 quam
386 3391 444 3432 non
463 3371 586 3432 obscure
609 3371 705 3430 innuit·
717 3367 876 3450 Apostolus
893 3365 997 3425 Paulus
1016 3364 1074 3424 Co-

70 3444 166 3512 rintbiis
187 3457 315 3537 scribens
324 3459 368 3534 ⁹),
393 3477 476 3537 quum
499 3455 585 3530 dicit,
608 3475 665 3516 non
687 3474 773 3536 posse
797 3473 862 3525 eos,
886 3452 933 3532 qui
955 3451 1074 3530 partici-
1087 3469 1127 3513 ιιι

73 3533 172 3603 latona
197 3561 310 3606 mensae
338 3541 552 3605 daemoniorum
587 3541 690 3624 polluti
724 3541 791 3614 sint,
817 3555 932 3599 mensae
958 3535 1074 3598 Domini

74 3685 263 3719 Q..—

75 3827 95 3867 a
116 3781 184 3834 ⁸”'·
200 3789 281 3841 ΠΗ·
308 3793 333 3851 ¹t'
345 3795 416 3840 fleur·
430 3795 486 3840 vlt.
502 3800 534 3840 ιι.
548 3801 574 3831 4
594 3797 627 3850 ἰ)
639 3794 711 3843 usos,
725 3791 828 3836 vunan
843 3813 868 3824 -
893 3791 917 3844 a)
930 3792 941 3834 ι
952 3787 1006 3832 cor.
1024 3782 1064 3830 ιιι

76 3840 983 3952 risunsares-se·traam.-uresrarraar
996 3835 1074 3922 ιι-
