2652 4330
216 231 269 289 co
365 226 528 283 snssro
557 227 630 280 xnv.
662 225 722 279 nn
748 187 1093 282 ronnr‘rnmrru

428 323 653 422 sununs
687 361 1041 423 ccnnncrns

661 469 804 517 DATUS

362 558 1101 635 PROTESTANTIBUS.

303 708 496 768 sacrosancta
515 719 545 768 et
567 709 710 786 generatis
727 706 897 767 Tridentino
917 707 1060 788 synodus,
1086 711 1115 769 in
1140 709 1257 789 Spiritu

217 806 319 855 sancto
338 796 465 872 legitime
486 803 674 871 congregata,
693 792 923 872 praesidentibus
945 795 974 852 in
997 813 1034 853 ea
1056 794 1164 855 eisdem
1184 815 1256 856 san-

218 891 282 939 ctae
302 878 378 939 sedis
397 879 574 958 apostolicae
593 878 690 957 iegato
714 889 743 938 et
761 879 884 950 nunciis,
914 879 1043 938 omnibus
1067 891 1097 940 ct
1119 882 1253 959 singuiis,

216 967 277 1026 sive
296 963 504 1024 ecclesiasticis
522 965 582 1022 sive
600 963 796 1024 saecularibus
813 965 945 1042 personis
964 965 1114 1026 universae
1127 964 1254 1026 Germa·

216 1053 293 1122 niae,
313 1050 506 1128 cuiuscunque
525 1047 640 1126 grodm,
660 1059 758 1119 statos,
779 1048 952 1109 conditionis
971 1059 1001 1109 et
1018 1052 1163 1129 qualitatis
1182 1053 1252 1124 sint,

218 1153 290 1214 quoe
313 1133 350 1194 ad
374 1135 588 1194 oecumenicum
616 1135 672 1194 boc
699 1143 730 1194 et
757 1135 894 1212 generale
923 1135 1076 1195 concilium
1103 1135 1253 1213 accedere

216 1220 370 1292 voluerint,
389 1231 421 1278 ut
438 1218 474 1279 de
493 1221 527 1279 iis
546 1219 642 1292 rebus,
662 1239 734 1299 quoe
753 1221 782 1278 in
795 1221 857 1298 ipsa
871 1219 982 1300 synodo
997 1223 1116 1281 tractari
1131 1221 1251 1295 debent,

219 1307 296 1365 omni
315 1305 449 1366 libertate
469 1306 616 1378 conferre,
646 1324 809 1384 proponere
833 1315 863 1366 et
880 1316 1021 1379 tractare,
1050 1327 1085 1368 ac
1103 1306 1140 1367 ad
1158 1308 1252 1388 ipsum

217 1391 432 1451 oecumenicum
452 1391 604 1451 concilium
623 1391 713 1450 iibere
733 1401 763 1450 et
780 1401 842 1450 tuto
859 1393 974 1463 venire,
986 1401 1016 1451 ct
1029 1393 1058 1451 in
1077 1413 1113 1452 eo
1132 1411 1251 1452 manere

217 1487 248 1534 et
266 1477 451 1548 commorari,
479 1496 514 1536 ac
533 1477 684 1548 articulos,
714 1486 783 1557 quot
804 1477 861 1536 iilis
878 1475 1035 1550 videbitur,
1063 1488 1120 1538 tnnn
1139 1480 1251 1558 scripto

218 1581 301 1640 qnam
317 1562 409 1622 verbo
429 1561 545 1634 offerre,
564 1581 737 1642 proponere,
757 1573 788 1621 ct
806 1581 869 1622 cum
887 1562 1034 1636 Patribus,
1053 1565 1113 1624 sire
1131 1564 1182 1636 iis,
1202 1565 1250 1644 qui
1321 1561 1322 1620 f

218 1647 253 1706 ab
272 1649 333 1728 ipsa
352 1658 452 1707 sancta
469 1647 581 1728 synodo
601 1646 708 1708 deiecti
726 1649 842 1720 fuerint,
863 1649 998 1708 conferre
1016 1660 1047 1708 et
1063 1650 1170 1728 absque
1185 1650 1251 1708 uilis
1321 1643 1322 1672 ³

130 1757 136 1766 “
219 1734 358 1793 conviciis
381 1743 412 1792 et
434 1733 614 1793 contumeliis
633 1733 792 1813 disputare,
820 1753 947 1806 necnon,
976 1734 1089 1813 quando
1113 1736 1170 1794 illis
1187 1735 1250 1813 pia·
1321 1720 1322 1754 ³

219 1820 321 1890 cuerit,
341 1817 481 1878 recedere
500 1821 611 1898 possint
628 1830 658 1879 et
673 1821 802 1891 valeant,
820 1819 963 1898 pubiicum
982 1819 1066 1880 fidem
1089 1829 1120 1880 et
1137 1820 1249 1900 plenam
1321 1817 1322 1838 ³

219 1905 413 1977 securitatem,
434 1923 516 1984 qnam
534 1905 641 1964 salvum
660 1904 831 1964 conductum
853 1907 1014 1984 appellant,
1039 1925 1102 1965 cnm
1121 1905 1250 1988 omnibns
1321 1978 1322 1986 ἵ

219 2001 250 2048 et
280 1991 398 2068 singuiis
430 1990 578 2050 clausulis¹
595 2002 625 2050 et
641 1989 767 2050 decretis
799 1993 970 2050 necessariis
1006 2000 1037 2051 et
1072 1993 1248 2071 opportunis,
1320 1991 1322 2038 i

218 2077 332 2134 etiamsi
350 2076 526 2154 specialiter,
546 2086 576 2135 et
593 2095 652 2134 non
667 2096 721 2155 per
737 2075 826 2136 verba
844 2077 993 2153 generalia
1015 2077 1137 2156 exprimi
1161 2075 1250 2136 debe·
1320 2043 1322 2100 Α

219 2169 297 2232 rent,
327 2179 398 2240 quoae
421 2180 475 2239 pro
493 2162 639 2240 expressis
655 2161 757 2220 baberi
774 2161 880 2232 voluit,
903 2172 1036 2241 qnantum
1054 2160 1091 2221 ad
1109 2163 1200 2241 ipsam
1219 2161 1248 2220 S.
1320 2153 1322 2188 ¹

220 2244 360 2324 synodum
379 2255 502 2324 spectat,
521 2244 667 2304 concedit.
690 2245 803 2306 Piacnit
820 2257 973 2324 praetcrea
991 2257 1108 2307 sanctae
1128 2246 1249 2327 synodo,
1321 2259 1322 2271 ¹

217 2342 263 2400 ut,
290 2332 315 2390 si
342 2350 395 2410 pro
423 2331 525 2389 maiori
547 2330 680 2390 libertate
708 2350 743 2390 ac
765 2333 922 2392 securitate
946 2351 1044 2400 eorum
1072 2328 1170 2392 certos
1193 2343 1249 2392 tam
1321 2345 1322 2352 ¹

218 2435 271 2496 pro
291 2415 462 2485 commissis,
491 2435 573 2494 quam
591 2435 644 2495 pro
668 2416 877 2476 committendis
899 2435 952 2497 per
975 2437 1026 2477 eos
1045 2416 1160 2477 delictis
1177 2417 1249 2477 indi·
1321 2437 1322 2442 ¹

220 2519 269 2560 ces
288 2501 331 2559 eis
349 2499 481 2578 deputari
500 2501 625 2581 cupiant,
644 2502 709 2561 ilios
727 2501 782 2562 sibi
794 2502 951 2562 benevolos
967 2504 1122 2575 nominent,
1138 2504 1249 2563 etiamsi

220 2586 326 2644 delicta
354 2586 416 2664 ipsa
443 2597 687 2666 quantumcunque
719 2590 847 2648 enormia
874 2607 909 2648 ac
942 2589 1083 2650 haeresim
1109 2591 1249 2670 sapientia
1321 2627 1322 2634 κ

219 2671 334 2730 fuerint.

632 2833 843 2847 w

588 2944 769 3022 suesco
796 2971 877 3020 xrv.

559 3078 655 3130 QUAE
673 3077 744 3124 EST
762 3078 914 3130 QUARTA

353 3161 455 3232 SUB
489 3165 647 3232 IULIO
684 3167 741 3232 111.
777 3165 935 3232 PONT.
970 3166 1116 3248 MAX,

623 3290 851 3340 ostensore

472 3383 537 3430 mu
555 3383 643 3432 XXV.
661 3385 877 3432 Novnmnuls
895 3387 996 3433 MDLI.

271 3516 468 3568 Rodumna
486 3517 533 3563 DE
551 3511 822 3564 obstruemus
839 3517 1129 3565 Ponutnnunln
1148 3519 1199 3582 ΕΤ

366 3585 581 3632 Extuomne
600 3585 802 3649 chrtoms
820 3587 1102 3634 abendonensis.

262 3737 263 3742 κ
309 3697 503 3759 sacrosancta
521 3703 706 3761 oecumenico
725 3703 917 3780 ergeuen-atis
925 3701 1094 3762 Tridentino
1112 3699 1250 3781 synodus,

223 3785 252 3842 in
276 3781 385 3863 Spiritu
407 3794 508 3845 sancto
531 3787 656 3864 legitime
681 3799 873 3866 congregata,
900 3786 1129 3869 praesidentibus
1157 3788 1186 3844 in
1214 3805 1250 3845 en

225 3867 333 3928 eisdem
355 3881 471 3930 sanctae
499 3870 773 3952 sedisapostolicae
796 3874 893 3950 iegato
916 3883 947 3932 et
970 3873 1094 3944 nunciis,
1123 3874 1250 3950 quamvis
