2620 4332
208 268 261 328 0¹
360 259 1093 322 sssstcxtv.utst²esrttunttr1t.
1190 255 1199 265 '

209 427 227 468 u
246 401 377 468 fidelibus
395 407 456 466 sinc
474 415 597 485 peccato
617 405 760 465 contemni
778 423 865 484 posse
881 405 1029 464 affirmant.
1065 403 1144 467 ldaec
1163 406 1229 466 emm

211 495 304 553 omnia
327 492 554 552 manifestissime
577 501 706 570 pugnant
732 509 794 550 cum
821 491 980 571 perspicuis
1007 493 1082 552 tanti
1104 491 1230 572 Apostoli

106 612 110 618 ·
209 579 315 639 verbis.
360 577 424 638 Nec
442 578 575 656 profecto
595 577 721 636 eeclesia
739 575 879 650 Romana,
899 576 1017 636 aliarum
1038 578 1162 637 omnium
1178 597 1230 636 ma·

209 675 256 724 ter
273 674 304 723 et
320 664 471 742 magistra,
490 659 567 721 aliud
582 663 610 718 in
625 661 679 722 hcc
695 658 916 720 administranda
932 663 1086 736 unctione,
1107 673 1229 744 quanm

209 748 245 810 nd
264 767 313 821 ea,
333 767 405 828 poue
424 748 506 807 huius
520 748 692 806 sacramenti
706 746 891 806 substantiam
905 747 1075 826 perficiunt,
1096 749 1229 819 observat,

210 852 292 915 mam
320 833 395 913 quod
421 833 523 892 beatus
549 831 671 892 Iacobus
697 833 893 912 praescripsit.
938 831 1042 912 Neque
1070 852 1141 894 vero
1168 833 1230 892 tanti

208 921 382 980 sacramenti
406 927 586 996 contemptus
604 916 711 996 absque
729 918 840 996 ingenti
858 918 971 978 scelere
990 929 1021 977 et
1039 920 1130 1000 ipsius
1148 917 1231 998 Spiri-

207 1016 254 1066 tus
272 1005 365 1066 saneti
383 1004 487 1064 iniuria
505 1021 569 1062 esse
587 1013 696 1081 posset.

294 1090 375 1148 Haec
398 1099 477 1159 sunt,
505 1106 577 1166 quae
601 1087 637 1148 de
659 1089 855 1167 poenitentiae
880 1099 910 1146 et
927 1099 1077 1150 extremae
1097 1089 1230 1149 unedonis

207 1176 396 1236 sacramentis
415 1183 515 1232 sancta
533 1173 606 1234 hacc
625 1175 812 1235 oecumenica
830 1171 957 1252 synodus
974 1176 1132 1254 profitetur
1144 1184 1173 1233 ct
1185 1172 1231 1232 do·

209 1271 270 1333 cet,
289 1271 375 1340 atque
394 1259 524 1318 omnihus
542 1258 650 1318 Christi
669 1258 800 1319 fidelibus
819 1258 964 1320 credenda
984 1271 1016 1319 et
1033 1259 1157 1321 tenenda
1172 1278 1231 1339 pro-

131 1399 135 1430 2
209 1348 300 1428 ponit.
337 1344 500 1424 Sequentes
517 1355 612 1404 autem
631 1365 758 1405 canones
775 1343 981 1404 inviolabiliter
997 1345 1159 1407 servandos
1174 1361 1229 1404 esse

209 1430 312 1504 tradit,
341 1442 372 1491 et
394 1441 558 1490 asserentes
582 1432 756 1490 contrariam
779 1441 920 1509 perpetuo
939 1429 1056 1491 damnat
1074 1442 1105 1492 et
1122 1429 1230 1492 anathe-

211 1519 336 1576 matinat.

260 1677 308 1722 DE
327 1675 586 1722 snucrtsstnto
604 1675 894 1720 nonstrantes
914 1673 1185 1720 SACRAMENTO.

298 1773 367 1832 Cas.
387 1773 409 1832 1.
456 1771 489 1832 st
507 1775 569 1853 quis
588 1770 695 1833 dixerit
709 1775 752 1848 ί),
782 1774 810 1831 in
829 1773 975 1832 catholica
993 1773 1123 1834 eeclesia
1141 1769 1228 1851 poeni-

211 1862 331 1920 tentiam
352 1879 409 1918 non
433 1879 497 1919 esse
520 1878 590 1920 vere
614 1869 644 1919 et
661 1859 778 1939 proprie
797 1868 1005 1917 sacramentum
1025 1879 1081 1938 pre
1100 1855 1227 1924 fidelibus,

211 1947 323 2026 quoties
341 1955 408 2025 post
424 1945 592 2025 baptismum
611 1947 640 2004 in
658 1955 781 2026 peccate
803 1944 948 2016 labuntur,
976 1945 1032 2023 ipsi
1051 1943 1115 2003 Deo
1138 1958 1228 2002 reeoo·

212 2031 345 2092 eiliandis
363 2051 381 2090 a
399 2031 515 2090 Christo
534 2031 655 2092 bomine
675 2043 773 2090 nestro
792 2030 965 2089 institutum:
991 2031 1144 2090 anathema
1160 2028 1200 2086 sit.

161 2141 199 2184 aaa
298 2117 367 2176 Can.
387 2117 424 2176 11.
470 2115 500 2175 Si
524 2119 586 2196 qnis
608 2126 788 2176 sacramenta
811 2115 989 2175 confundens
1001 2117 1048 2191 ²),
1076 2117 1164 2195 ipsum
1187 2111 1229 2169 ba·

212 2205 346 2283 ptismum
371 2205 569 2283 poenitentiae
592 2212 801 2262 sacramentnm
824 2221 888 2260 esse
912 2200 1032 2274 dixerit,
1062 2201 1141 2281 quasi
1166 2197 1228 2256 haee

214 2287 271 2348 duc
298 2299 478 2348 sacramenta
501 2287 636 2348 distincta
659 2307 715 2345 non
738 2289 808 2359 sint,
836 2296 920 2366 atquc
943 2286 1010 2346 ideo
1034 2283 1229 2368 poenitentiam

189 2373 270 2456 {non
297 2383 378 2433 recte
406 2373 560 2434 seeundum
586 2383 652 2452 post
679 2375 855 2452 naufragium
888 2372 1012 2435 tabulam
1044 2367 1227 2452 appedsm⁸)=

171 2460 173 2466 ’
189 2459 195 2470 ”
213 2459 365 2519 anathema
381 2460 435 2518 site
781 2477 784 2482 ·

300 2544 369 2603 Can.
389 2543 441 2604 111.
487 2541 520 2603 Si
539 2545 600 2624 quis
618 2541 739 2617 dixerit,
757 2543 847 2604 verbe
864 2543 914 2603 illa
932 2542 1048 2604 Domini
1067 2537 1227 2602 salvatoris:

212 2631 353 2708 Accipite
373 2631 519 2708 Sparitum
543 2632 733 2705 sunctum),
761 2648 883 2708 quorum
909 2630 1086 2690 remeiert'ta's
1104 2631 1228 2706 peceato,

213 2717 482 2790 remittuntur-eis,-
511 2726 544 2776 et
564 2735 685 2794 quorum
708 2717 907 2788 retinueritis,
934 2723 1054 2775 retento
1076 2721 1156 2783 sunt,
1181 2723 1229 2765 ποῦ

214 2819 279 2862 esse
302 2801 491 2880 intelligenda
508 2801 545 2861 de
563 2811 709 2880 potestate
727 2799 892 2882 remittendi
910 2810 941 2860 et
958 2799 1103 2860 retinendi
1121 2799 1229 2877 peccate

213 2889 243 2948 iu
261 2897 442 2948 sacramento
460 2887 671 2968 peonitentiae,
700 2888 775 2946 sieut
793 2887 919 2949 ecclesia
937 2886 1084 2946 catholice
1099 2885 1138 2944 ab
1157 2877 1228 2940 initio

213 2992 328 3055 semper
346 2973 503 3048 intellexit,
528 2973 684 3034 detorserit
701 2983 796 3034 autem
815 2984 918 3033 eontra
935 2973 1140 3032 institutionem
1158 2963 1229 3026 huius

213 3061 387 3122 sacramenti
418 3060 454 3120 ad
486 3061 689 3120 auctoritatem
718 3056 907 3138 praedicandi
942 3058 1136 3136 evangelium:
1169 3065 1228 3109 una·

213 3147 310 3206 thema
327 3148 374 3216 sit
1210 3193 1243 3211 s,

300 3231 370 3292 Gau.
389 3231 440 3292 tv.
485 3230 517 3291 Si
536 3232 598 3310 quis
616 3233 766 3310 negaverit
775 3232 813 3306 ⁵),
833 3227 871 3289 ed
884 3231 1024 3308 integram
1039 3239 1071 3288 et
1081 3226 1228 3308 pertesum

212 3329 399 3399 peccatorum
413 3317 610 3380 remissionem
623 3318 731 3396 requiri
745 3328 805 3377 tres
819 3317 942 3376 ectasin
960 3316 1140 3395 poenitente,
1158 3303 1226 3387 quad

213 3404 547 3472 materiamsacramenti
560 3402 767 3482 poenitentiae,
785 3401 925 3464 videlieet
937 3402 1147 3468 contritionem,
1166 3407 1226 3488 ⁶⁰¹}-

213 3492 368 3551 sessionem
386 3501 416 3549 et
434 3490 674 3562 satisfactionem,
698 3509 771 3568 quae
789 3499 849 3549 tres
866 3488 1062 3569 poenitentiae
1080 3495 1173 3567 partes
1189 3473 1226 3532 dt·

119 3597 121 3600 ·
215 3586 332 3648 cuntur,
364 3585 421 3637 aut
439 3575 558 3648 dixerit,
587 3573 657 3636 duas
684 3583 795 3636 tantum
818 3594 882 3636 esse
908 3574 1103 3654 poenitentiae
1128 3572 1224 3649 partes,

214 3673 344 3723 terrores
360 3661 474 3720 scilicet
487 3663 619 3722 incussos
632 3662 827 3722 eonscientiae
841 3663 941 3741 agnito
953 3671 1089 3741 peccato,
1108 3666 1138 3717 et
1150 3647 1225 3712 fldem

266 3845 344 3890 ⁸⁸¹¹·
358 3843 426 3889 ΧΠ·
449 3847 471 3897 ¹)
479 3844 510 3889 cf.
520 3857 548 3888 sn
565 3859 584 3889 r.
595 3847 623 3890 de
634 3861 702 3903 poen.
714 3861 734 3891 c.
744 3851 764 3892 t,
773 3871 799 3880 -
806 3848 831 3902 2)
840 3847 871 3892 ef.
883 3860 935 3904 cap,
944 3845 986 3890 cit.
995 3869 1021 3880 -
1029 3849 1052 3901 3)
1061 3843 1092 3888 cf.
1102 3854 1121 3885 e.
1131 3840 1163 3902 tt,
1170 3825 1223 3894 1³21«

289 3911 326 3943 ιιι.
344 3921 371 3932 -
387 3900 409 3950 ⁴)
423 3895 507 3940 unte.
517 3898 541 3941 x
565 3899 585 3942 t.
600 3899 632 3943 ae.
649 3900 715 3943 rom.
728 3897 786 3944 xx.
799 3901 832 3944 aa
842 3911 892 3955 aeq.
905 3923 932 3934 -
944 3897 976 3943 ef.
987 3897 1051 3942 sm
1060 3897 1102 3941 ur.
1115 3893 1142 3972 es
1155 3875 1223 3931 ,aas

215 3899 313 3994 {diret
322 3950 369 3993 hui.
380 3962 438 3994 sess.
449 3965 470 3998 e·
480 3955 500 3994 t.
511 3951 539 3996 de
549 3963 618 4008 poen.
632 3973 658 3986 ··
674 3951 696 4006 ἱ)
705 3950 737 3995 ef.
747 3964 819 4009 supra
827 3953 857 3997 dc
866 3965 935 4008 peon.
945 3963 966 3997 c.
976 3955 998 3994 t.
