2654 4334
287 307 370 362 run
385 291 550 361 cenent.
571 302 683 362 runo.
700 297 983 364 innovante„
1062 305 1141 369 ate

104 448 268 531 superioris
289 448 468 527 pervenerit,
500 467 557 508 non
581 447 694 528 quidem
716 469 731 508 a
755 447 903 511 malevolis
926 460 956 510 et
979 449 1138 524 maledicis,
1232 477 1236 484 ·

103 535 161 597 sed
179 531 341 615 aprovidis
354 543 384 594 et
396 533 534 606 nononis,
554 551 609 594 aec
622 535 713 594 semel
725 544 844 608 tastum,
863 533 1017 616 sedsaepe
1046 531 1138 617 (quod

105 623 221 682 clamor
237 621 330 679 inmlt
348 627 378 679 et
395 617 551 678 diffamatio
566 619 740 695 manilestal)
770 619 858 682 dedet
876 635 973 681 eoram
992 622 1140 684 eeclesiae

105 706 273 768 senioribus
286 705 436 765 venitatem
451 703 617 782 diligentins
628 709 814 786 perscrutari,
833 716 872 777 nt,
891 708 916 766 sl
934 709 977 766 rel
995 723 1140 786 poposce-

106 795 148 852 rlt
167 793 303 872 qualitas,
323 791 463 850 canonica
478 789 620 850 districtio
635 792 748 874 eulpam
760 793 847 851 ierim
860 790 1061 872 delinquentis,
1081 809 1138 852 noa

109 867 253 958 unquam*
263 878 300 935 sit
317 885 421 935 auctor
438 887 469 935 et
486 875 582 948 iudex,
601 875 653 936 sed
668 878 748 956 quasi
761 875 910 938 minemo
929 878 1004 939 tonsa
1021 878 1068 936 vel
1087 875 1139 937 de·

107 964 267 1023 nunciante
284 961 411 1021 clamore
430 962 520 1021 officii
538 963 581 1020 soi
600 961 724 1022 deditum
740 973 921 1043 exsequatur.
941 961 1026 1023 Licet
1043 973 1140 1022 aomar

107 1051 168 1110 hoc
186 1049 224 1107 slt
241 1046 448 1107 observandum
467 1049 496 1106 in
514 1046 647 1119 subditis,
675 1047 841 1130 diligentias
864 1059 959 1107 tamen
983 1049 1139 1108 enervan-
1150 1061 1192 1106 ata

108 1134 179 1194 dum
192 1141 237 1193 cst
249 1133 278 1192 iu
292 1133 439 1211 praelatis,
459 1133 506 1212 qui
521 1133 600 1211 quasi
615 1134 726 1212 signum
740 1132 946 1216 cumpositiud
956 1136 1087 1213 sagittam
1098 1131 1137 1208 ¹).

108 1219 148 1280 Et
167 1221 232 1299 quia
250 1235 308 1278 non
325 1227 444 1298 possunt
462 1218 592 1278 omnibus
610 1220 802 1298 complacere,
822 1237 904 1299 quom
923 1237 961 1280 en
978 1219 1079 1279 olicis
1096 1229 1140 1279 te-

109 1317 234 1366 neantnr
250 1322 307 1364 non
326 1305 415 1363 solnm
435 1321 572 1382 arguere,
596 1303 647 1363 ssd
665 1305 751 1364 etiam
769 1306 935 1384 inerepare,
964 1307 1030 1384 qula
1053 1307 1139 1364 etlam
1166 1345 1175 1368 .-

109 1389 252 1450 lnterdum
279 1389 469 1469 suspendere,
502 1406 701 1470 nonnunquam
732 1403 803 1450 vero
834 1391 939 1469 ligare,
972 1392 1141 1471 manenter

111 1475 208 1536 odium
226 1476 377 1535 maltorum
395 1477 558 1547 incurrunt,
582 1484 613 1534 et
630 1474 748 1536 insidias
766 1477 925 1556 patientum
953 1474 1020 1536 ideo
1047 1477 1140 1535 sancti

110 1562 213 1622 Patres
230 1559 350 1640 provide
368 1571 540 1633 statuerunt,
558 1570 590 1620 ut
606 1564 755 1622 accusatio
773 1562 966 1640 praelatorum
981 1581 1037 1620 non
1053 1562 1139 1619 lacile

111 1647 292 1719 admittatur,
312 1665 348 1706 ne
367 1647 516 1706 concussis
535 1646 674 1706 columnis
693 1657 810 1706 corruat
827 1644 1003 1717 aedilicium,
1023 1645 1076 1705 nisi
1095 1643 1140 1704 di·

111 1735 205 1811 ligens
222 1730 395 1792 adhibeatur
416 1732 542 1802 cantela,
569 1751 624 1810 per
650 1751 731 1813 quam
758 1725 815 1791 uon
842 1732 933 1790 solum
959 1731 1060 1803 ialsae,
1087 1729 1139 1790 sed

110 1820 198 1878 eliam
221 1819 364 1896 malignae
388 1818 582 1877 criminationi
603 1818 688 1876 ianua
710 1813 924 1896 praecludatur.
967 1815 1074 1877 Verum
1099 1819 1140 1876 ita

110 1905 264 1964 voluerunt
281 1901 435 1983 providere
455 1902 601 1982 praelatis,
620 1920 657 1962 ne
676 1901 897 1962 criminarentur
913 1902 1027 1974 iniuste,
1047 1912 1078 1959 ut
1095 1912 1140 1960 ta-

111 2009 175 2048 men
204 1998 353 2060 caverent,
390 2006 426 2047 ne
458 1987 658 2068 delinquerent
687 1988 854 2060 insolenter,
883 1997 985 2046 contra
1011 1985 1140 2046 morbum

111 2077 260 2156 utrumqne
279 2069 468 2134 invenientes
482 2089 638 2152 congruam
661 2068 845 2144 medicinam,
871 2067 1010 2131 videlicet
1031 2082 1065 2130 ut
1081 2073 1139 2130 cri·
1242 2103 1245 2112 ·

110 2155 222 2232 minalis
240 2161 399 2230 accusatio,
420 2176 492 2238 quae
506 2155 542 2217 ad
557 2156 770 2217 diminutionem
790 2158 891 2238 eapitis
910 2153 952 2240 (id
972 2167 1016 2218 est
1034 2153 1139 2235 degra-

111 2242 269 2320 dationem)
288 2238 454 2315 intenditur,
474 2245 529 2303 nisi
548 2243 676 2324 legitima
693 2239 851 2323 praecedat
868 2243 1028 2324 inscriptio,
1048 2241 1139 2305 nulla·

110 2343 194 2390 tenus
212 2327 389 2390 admittatur.
437 2325 496 2388 Sed
520 2347 602 2410 qurum
625 2343 713 2412 snper
733 2328 899 2388 excessibus
916 2327 974 2388 suis
993 2327 1139 2408 qnisquam

109 2413 199 2476 inerit
216 2415 367 2476 infamatus
385 2415 440 2487 ita,
459 2424 491 2474 ut
508 2414 563 2477 iam
582 2416 692 2477 clamor
708 2411 861 2487 ascendat,
884 2416 931 2494 quui
954 2409 1058 2473 diutius
1077 2415 1139 2473 siue

110 2495 249 2578 scandalo
269 2499 440 2561 dissimulari
458 2519 515 2562 uon
529 2502 620 2582 possit
633 2501 679 2560 vel
698 2503 760 2560 sine
775 2498 905 2581 periculo
920 2497 1052 2568 tolerati,
1074 2499 1140 2559 alts-
1229 2549 1235 2560 ι

111 2607 165 2668 pue
190 2581 376 2647 dubitationis
398 2585 537 2666 'scrupulo
560 2583 596 2645 ad
619 2584 817 2666 inquirendum
841 2593 871 2646 et
888 2582 1059 2667 puniendum
1079 2583 1141 2645 eius

110 2689 258 2744 excessus,
278 2694 335 2732 non
354 2688 391 2731 ex
410 2665 470 2734 odii
489 2670 597 2744 iomite,
617 2670 670 2732 sed
689 2669 818 2732 caritatis
832 2670 1009 2754 procedatur
1023 2669 1138 2742 affectu,

131 2763 261 2832 calenus,
280 2759 410 2818 siluerit
428 2758 523 2835 gravis
541 2774 687 2829 excessus,
706 2758 761 2819 etsi
776 2775 833 2816 nou
847 2753 1024 2836 degradetur
1037 2755 1072 2816 ab
1093 2775 1141 2816 or·

110 2781 189 2916 dinc,
208 2843 244 2903 ab
264 2841 508 2904 administratione
531 2853 626 2902 tamen
644 2852 811 2902 amoveatur
834 2841 962 2914 omnino,
990 2839 1067 2921 qood
1085 2853 1139 2913 est,

100 2923 268 2990 'secuudum
287 2925 483 3008 evangelicam
501 2928 681 2999 sententiam,
701 2923 907 2986 avillicatione
921 2925 1046 2988 villicum
1061 2945 1141 2985 amo-

110 3014 187 3087 veri,
216 3013 265 3094 qui
287 3034 344 3073 non
368 3023 465 3094 potest
485 3013 669 3074 villicationis
687 3029 756 3072 suae
775 3008 888 3090 dignam
907 3005 1032 3070 reddere
1051 3013 1141 3070 ratio·

110 3120 186 3162 uem.
223 3099 319 3161 Debet
345 3101 434 3178 igitur
460 3118 524 3159 esse
546 3118 684 3179 praesens
706 3099 740 3170 is,
769 3108 870 3157 contra
896 3115 979 3177 quem
1006 3095 1141 3156 iacienda

111 3198 157 3246 est
174 3187 410 3266 inquisitumntsi
429 3204 459 3245 se
477 3205 532 3264 per
550 3186 757 3246 contumaciam
775 3183 982 3254 absentaverit,
1002 3193 1034 3244 et
1051 3202 1141 3263 expo-

110 3270 206 3332 nenda
225 3282 290 3330 sunt
307 3273 335 3331 ei
354 3269 403 3330 illa
422 3271 560 3349 capitula,
590 3267 626 3331 de
646 3271 746 3352 quibus
763 3271 852 3330 fuerit
868 3266 1081 3348 inquirendum,
1109 3280 1142 3329 ut

110 3351 278 3416 facultatem
296 3356 403 3416 habeat
420 3349 594 3416 defendendi
617 3375 648 3416 se
667 3358 769 3435 ipsum.
815 3353 853 3414 Et
866 3373 924 3413 non
942 3354 1034 3412 solum
1051 3350 1139 3425 dicta,

110 3441 269 3505 sedetiam
291 3444 407 3501 nomina
425 3443 486 3520 ipsa
505 3442 618 3500 testium
636 3452 703 3501 sunt
720 3442 766 3518 ei,
792 3451 824 3499 ut
846 3438 913 3521 quid
936 3449 966 3499 et
987 3459 1005 3500 a
1028 3457 1083 3521 quo
1103 3441 1141 3499 sit
1211 3485 1217 3492 .

111 3527 220 3587 dictum
238 3538 386 3607 appareat,
405 3526 590 3608 publicanda,
615 3547 669 3588 nec
688 3546 745 3586 non
764 3525 955 3605 exceptiones
969 3534 999 3585 el
1016 3523 1141 3607 replica·

112 3614 207 3673 tiones
226 3613 373 3691 legitlmae
390 3611 599 3686 admittendae,
623 3631 661 3674 uc
677 3629 732 3693 per
748 3612 980 3692 suppressionem
997 3612 1140 3670 nominum

110 3697 278 3771 infamandi,
301 3713 356 3778 per
373 3701 576 3778 exceptionum
592 3717 663 3758 vero
682 3699 878 3758 exclusionem
901 3691 1066 3777 deponendi
1086 3697 1142 3756 lal-

110 3799 172 3844 suon
199 3783 322 3844 andana
348 3785 530 3866 praebeatur.
565 3783 613 3844 Ad
637 3783 827 3863 emulgendus
849 3785 947 3866 ltaque
965 3782 1141 3843 soidltorom

114 3911 325 3925 ᾖ*

106 3981 117 3992 ”’
162 3985 183 4040 ί)
194 3977 283 4030 Tinea.
297 3979 344 4030 111.
363 3981 395 4030 tt.
