2648 4336
384 255 509 310 ΟΑΜΝ.
527 255 621 313 SYN.'
635 251 800 314 t‘tsroa

491 396 538 456 lle
562 396 696 460 ordine.

477 499 518 546 Do
537 499 626 550 oratu
644 497 670 566 §.
689 503 713 550 ⁴.

164 582 214 642 Ll.
237 582 375 646 Doctrina
394 583 510 662 synodi,
535 603 606 662 quac
625 585 771 663 perhibet,
796 585 824 644 iu
847 583 1049 663 promovendis
1072 585 1109 646 ad

68 668 196 730 ordines
214 668 289 728 laanc
307 688 387 728 moro
402 670 574 728 etinstituto
588 672 695 728 veteris
710 669 878 748 disciplinae
891 672 1031 730 rationem
1047 690 1109 730 scr·
1142 725 1163 746 ¹,

67 757 137 814 vari
160 755 358 826 consuevisse,
382 764 448 828 „ut,
471 757 494 814 si
514 756 575 831 quis
594 755 766 814 elericorum
791 753 1020 833 distinguebatur
1042 775 1107 816 san-

69 841 180 899 ctitate
203 840 295 910 vitae,
318 849 349 898 et
371 837 472 916 dignus
494 838 712 910 aestimabatur,
741 841 787 918 qni
809 838 846 899 ad
871 839 986 901 ordines
1008 860 1109 902 sacros

70 923 266 996 ascenderet,
290 924 339 984 ille
357 925 459 984 solitus
478 935 543 984 crat
559 928 722 1004 promoveri
741 923 777 984 ad
796 923 978 986 diaconatum
995 926 1042 986 vel
1061 946 1108 985 sa·

70 1009 254 1080 cerdotium,
277 1009 388 1068 etiamsi
407 1009 559 1070 inferiores
582 1009 698 1070 ordines
721 1029 777 1070 non
800 1012 990 1090 suscepisset,
1015 1029 1107 1090 neque

69 1105 131 1154 tum
152 1095 219 1154 talis
239 1093 383 1168 ordinatio
398 1093 549 1156 dicebatur
560 1113 613 1174 per
626 1096 737 1167 saltum,
752 1106 783 1154 nt
795 1106 898 1175 postea
911 1094 1017 1156 dictum
1032 1104 1109 1156 est“.

558 1211 585 1280 q.
605 1218 628 1262 s.

163 1297 223 1360 Lll.
247 1297 332 1370 ltem,
357 1317 429 1378 quae
448 1300 552 1370 innuit,
576 1319 632 1358 non
655 1300 739 1359 alium
762 1299 872 1359 titulum
896 1299 1107 1361 ordinationum

70 1385 181 1456 tuisse,
211 1403 292 1462 quam
316 1383 529 1463 deputationem
552 1382 589 1442 ad
611 1384 726 1464 aliquod
750 1386 877 1464 speciale
905 1387 1106 1458 ministerium,

70 1471 169 1548 qualis
192 1471 371 1550 praescripta
394 1471 490 1530 estin
514 1469 638 1530 concilio
663 1469 908 1543 chalcedonensi,
933 1471 1108 1550 subiungens

72 1552 116 1635 (§·
140 1559 195 1629 6.),
214 1553 347 1633 quamdiu
366 1555 492 1615 ecclesia
510 1574 573 1615 sese
592 1555 636 1614 lais
655 1557 804 1636 principiis
822 1557 850 1614 in
870 1555 984 1615 delectu
1007 1576 1108 1616 sacro·

69 1660 137 1700 rum
153 1641 344 1700 ministrorum
360 1641 560 1712 conformavit,
579 1642 807 1700 ecclesiasticum
822 1638 950 1700 ordinem
965 1642 1106 1712 lloruisse,

69 1743 175 1785 verum
192 1726 294 1784 beatos
313 1726 377 1784 illos
400 1724 462 1786 dics
484 1727 647 1798 transiisse,
671 1744 800 1805 novaque
824 1726 966 1806 principia
988 1724 1107 1786 subinde

70 1808 256 1882 introducta,
282 1807 383 1890 quibus
410 1820 546 1890 corrupta
572 1811 626 1870 luit
653 1809 805 1890 disciplina
832 1812 861 1870 in
885 1809 1000 1871 delectu
1022 1812 1107 1872 mini-

70 1906 199 1958 strorum
218 1897 384 1956 sanctuarii.
603 1895 606 1900 ’

1120 1799 1160 1842 *Αἵ

554 2011 581 2082 §0
598 2015 624 2068 τί

163 2099 240 2160 Llll.
263 2099 348 2172 Item,
373 2099 448 2182 quod
470 2103 546 2162 iuter
568 2101 641 2161 hacc
665 2102 726 2180 ipsa
750 2104 942 2180 corruptionis
965 2103 1108 2183 principia

69 2187 177 2254 refert,
198 2184 272 2265 quod
291 2205 436 2245 recessum
454 2189 492 2246 sit
505 2206 523 2246 a
535 2197 635 2246 vetere
650 2187 789 2260 instituto,
809 2207 874 2268 quo,
894 2199 926 2247 ut
938 2190 980 2247 ait
994 2187 1035 2270 (ᾗ.
1053 2193 1106 2264 5.),

71 2271 204 2332 ccclesia
225 2272 359 2331 insistens
381 2271 515 2351 Apostoli
537 2273 666 2349 vestigiis
690 2273 830 2332 neminem
854 2271 891 2332 ad
914 2273 1107 2334 sacerdotium

72 2351 281 2416 admittendum
299 2366 449 2429 statuerat,
468 2357 521 2415 nisi
541 2359 588 2436 qui
607 2369 807 2418 conservasset
824 2360 1018 2418 innocentiam
1037 2359 1109 2438 bap·
1131 2412 1136 2424 ,

73 2443 225 2514 tismalem,
247 2476 285 2486 —
306 2451 444 2522 quatenus
462 2444 553 2501 innuit
573 2455 735 2523 corruptam
754 2445 841 2503 luisse
861 2441 1039 2523 disciplinam
1054 2463 1108 2523 per
1178 2436 1181 2444 ’

72 2525 195 2587 decreta
218 2537 249 2587 et
269 2528 413 2598 instituta,
444 2531 475 2604 l)
499 2529 558 2587 sive
583 2530 683 2608 quibus
706 2527 903 2590 ordinationes
925 2549 979 2610 per
1005 2530 1108 2589 saltum

20 2681 23 2688 ,
71 2614 182 2690 vetitae
207 2621 284 2684 sunt,
314 2611 347 2692 2)
376 2614 435 2671 sive
460 2613 560 2691 quibus
583 2634 634 2692 pro
659 2616 847 2674 ecclesiarum
875 2617 1049 2675 necessitate
1077 2627 1108 2674 et

74 2695 281 2758 commoditate
304 2695 443 2776 probatae
466 2709 532 2756 sunt
554 2697 750 2758 ordinationes
773 2702 834 2759 sine
862 2701 944 2759 titulo
971 2701 1107 2779 specialis

73 2783 175 2853 officii,
194 2783 273 2841 velut
290 2783 437 2862 speciatim
457 2803 474 2841 a
491 2781 659 2841 Tridentino
679 2782 823 2842 ordinatio
841 2782 878 2842 ad
893 2785 1003 2843 titulum
1017 2787 1107 2864 patri·

74 2868 176 2939 monii,
195 2867 274 2928 salva
293 2867 471 2939 obedientia,
492 2867 606 2948 quasia
627 2866 751 2928 ordinati
770 2867 959 2927 ecclesiarum
978 2869 1108 2929 uecessi-

75 2953 185 3012 tatibus
204 2951 351 3015 deservire
370 2950 477 3013 debent
495 2955 529 3012 iis
548 2951 687 3011 obeundis
706 2952 824 3024 officiis,
849 2951 948 3030 quibus
966 2970 1020 3032 pro
1039 2951 1105 3012 loco
1193 2973 1201 2982 ·

74 3058 110 3098 ac
135 3047 265 3118 tempore
292 3037 327 3097 ab
355 3037 493 3118 episcopo
522 3037 629 3096 admoti
655 3038 775 3109 luerint,
807 3033 1040 3115 quemadmodum
1069 3035 1106 3096 ab

75 3123 247 3203 apostolicis
265 3123 441 3202 temporibus
459 3125 488 3180 in
505 3123 649 3202 primitiva
667 3123 792 3182 eeclesia
812 3123 874 3180 lieri
894 3123 1052 3192 consuevit,
1072 3127 1104 3198 3)

8 3249 10 3254 κ
75 3211 137 3270 sive
157 3208 257 3288 quibus
275 3211 337 3267 inre
357 3210 498 3268 canonico
518 3209 596 3267 lacta
614 3218 659 3267 est
677 3209 822 3266 criminum
847 3206 1008 3278 distinctio,
1032 3226 1135 3294 quae,

75 3293 275 3373 delinquentes
291 3291 417 3353 reddunt
433 3293 617 3371 irregulares,
637 3294 716 3371 quasi
734 3312 787 3372 per
804 3293 878 3351 banc
894 3291 1106 3352 distinctionem

76 3380 203 3439 ecclesia
221 3381 377 3439 recesserit
395 3399 412 3438 a
431 3380 531 3457 spiritu
549 3377 693 3458 Apostoli,
712 3397 769 3436 non
788 3375 967 3438 excludendo
982 3395 1106 3454 genera·

77 3467 145 3525 liter
162 3474 193 3523 et
210 3465 373 3525 indistincte
392 3465 427 3523 ab
447 3463 647 3523 ecclesiastico
667 3463 824 3542 ministerio
843 3473 941 3522 omnes
964 3481 1106 3540 quoscun-

78 3569 142 3630 que,
158 3552 205 3628 qni
220 3549 414 3630 baptismalem
429 3549 621 3608 innocentiam
636 3568 693 3607 non
708 3557 940 3608 conservassent:
960 3549 1105 3608 Doctrina

75 3636 202 3714 singulis
227 3639 288 3695 eur's
308 3635 448 3714 partibas
464 3631 567 3712 salsa,
595 3637 769 3706 temerario,
797 3635 910 3693 orantis
927 3652 987 3712 pro
1011 3636 1105 3694 ecclc·
1145 3708 1149 3716 .

75 3723 187 3780 siarum
210 3723 386 3782 necessitate
409 3731 440 3780 ct
461 3720 666 3780 commoditate
688 3720 804 3779 inducti
823 3718 1045 3798 perturbatior,
1073 3720 1105 3780 aia

77 3807 262 3884 disceptabant
277 3827 335 3884 per
352 3825 480 3867 canones
498 3815 531 3866 ct
544 3807 696 3884 speciatim
713 3825 770 3882 per
794 3806 874 3863 Tria.
894 3806 1015 3864 decreta
1031 3823 1104 3882 pro·

78 3893 176 3952 batam
195 3893 351 3952 saturiaco.
