2654 4334
285 245 377 298 REG.
395 244 542 298 DECEM
560 243 615 297 DE
633 244 715 298 Lm·
733 247 903 302 ettotsstt.
1030 247 1111 314 m*

74 388 122 448 vel
131 387 235 466 scripti
243 385 290 446 vel
300 386 430 463 impressi
445 383 610 445 authentice
624 397 771 465 appareat,
789 385 979 466 probatieque
994 397 1025 448 et
1038 407 1107 448 exa-

76 492 152 544 men,
173 491 208 532 ae
227 482 328 531 cetera
345 473 435 549 gratis
452 470 531 530 fiant.
582 471 736 532 Praeterea
756 473 785 530 ἰι
802 472 921 550 siugulis
944 472 1109 536 civitatibus
1211 497 1216 508 ·

76 581 110 619 ac
129 557 316 618 dioecesibus
334 555 434 616 domus
451 557 498 616 vel
517 556 585 628 loci,
603 556 652 616 ubi
671 576 718 616 ars
736 558 921 636 impresseris
941 567 1107 632 exercetur,

75 655 107 705 et
124 643 322 703 bibliothecae
342 642 480 702 librorum
497 643 640 702 renalium
657 643 772 722 saepius
788 643 1108 724 visitenturapersouis

76 729 113 790 ad
131 729 164 788 id
182 727 353 808 deputandis
371 728 406 787 ab
430 729 568 809 episcopo
590 728 650 788 sive
674 729 735 788 eius
755 728 880 800 vicario,
909 738 993 808 atqie
1020 731 1108 791 etiam

76 817 112 876 ab
132 817 305 894 inquisitore
323 815 488 874 haereticae
507 814 666 893 pravitatis,
684 824 716 874 nt
733 813 804 874 nibil
821 828 930 886 eorum,
950 833 1022 894 quac
1041 833 1110 894 pru·

77 902 222 970 bibentur,
242 911 292 958 aut
308 901 493 978 imprimetur,
513 905 563 959 aut
578 897 731 970 tendetur,
747 910 799 960 aut
813 899 963 962 babeatur.
1005 897 1109 962 Omnes

78 1007 149 1046 vero
170 985 280 1046 librarii
299 986 507 1066 etquicunque
527 985 663 1045 librorum
681 983 849 1046 venditores
866 983 993 1049 babeant
1006 986 1036 1044 ia
1051 986 1110 1046 suis

78 1072 265 1132 bibliothecis
292 1069 415 1130 indicem
444 1071 579 1130 librorum
606 1069 764 1142 venalium,
794 1089 865 1149 quet
892 1070 1013 1144 habeut,
1045 1087 1112 1132 ottae

79 1157 293 1235 subscriptione
313 1154 454 1215 dictarum
473 1174 674 1234 personarum,
697 1175 752 1216 nec
776 1155 848 1215 ulios
866 1155 956 1216 libros
974 1152 1109 1227 babeant,

79 1253 129 1302 aut
145 1240 287 1312 vendant,
311 1251 360 1299 eut
383 1260 549 1320 quacunque
573 1242 685 1299 ratione
708 1239 824 1300 tradant
841 1243 903 1302 siue
922 1242 1040 1301 lieentia
1059 1261 1110 1300 eo·

79 1325 201 1388 eundem
220 1325 456 1404 deputandorum,
476 1325 526 1386 sub
545 1345 640 1405 poena
658 1327 819 1387 amissionis
836 1325 983 1399 librerum,
1003 1337 1033 1386 et
1046 1327 1111 1386 aliis

80 1414 204 1474 arbitrio
223 1413 424 1491 episcoporum
441 1411 487 1470 vel
506 1412 702 1490 inquisitorum
721 1410 913 1490 imponendis.
957 1411 1111 1494 Emptores

80 1519 166 1569 vero,
194 1499 320 1558 lectores
342 1493 389 1556 vel
412 1498 599 1576 impressores
621 1496 777 1556 eorundem
800 1497 920 1557 arbitrio
948 1499 1110 1578 puniantur.

83 1583 166 1660 Quod
185 1585 209 1644 si
227 1581 315 1662 aliqui
338 1583 426 1642 libres
451 1601 632 1662 quoscunque
655 1585 685 1640 iu
707 1584 831 1661 aliquam
853 1583 998 1642 civitatem
1019 1585 1112 1642 intro·

83 1670 198 1739 ducant,
219 1679 371 1728 teneantur
393 1665 501 1726 eisdem
519 1669 650 1746 persenis
667 1664 839 1747 deputandis
854 1667 1035 1740 renunciare,
1054 1668 1110 1738 vel,

82 1757 105 1816 si
125 1755 208 1814 locus
230 1754 360 1832 publicus
387 1754 529 1812 mercibus
556 1749 696 1812 eiusmodi
722 1754 894 1813 constitutus
916 1753 966 1824 sit,
990 1753 1112 1813 ministri

83 1841 190 1920 publici
218 1840 279 1899 eiua
308 1839 364 1898 loci
391 1836 548 1918 praedictis
580 1838 712 1916 personis
738 1838 903 1915 significent
930 1838 1019 1899 libros
1046 1857 1111 1898 esse

82 1925 234 1986 adductus.
279 1923 374 1983 Nemo
391 1941 464 1984 tero
483 1921 589 1983 audeat
606 1922 722 1994 librum,
747 1942 829 2002 quent
848 1925 909 2002 ipse
928 1924 974 1984 rel
991 1924 1065 1985 aliut
1083 1925 1113 1982 in

84 2013 230 2072 civitatem
240 2007 407 2081 introduxit,
427 2010 513 2069 alicui
529 2007 681 2085 legendum
691 2008 818 2078 tradere,
835 2008 882 2068 vel
895 2009 990 2087 alique
1000 2010 1112 2068 ratione

83 2099 214 2158 alienare
237 2105 285 2155 ιιι
308 2093 505 2165 commodare,
534 2094 588 2154 nisi
611 2103 727 2154 estense
750 2096 829 2174 prius
851 2091 940 2164 libro,
964 2105 994 2154 et
1017 2091 1114 2156 habita

84 2184 205 2243 licentia
219 2201 236 2240 a
250 2182 381 2261 personis
400 2177 578 2261 deputandis,
596 2188 647 2240 aut
664 2181 718 2238 nisi
736 2180 850 2240 notorie
870 2189 993 2252 constet,
1012 2179 1114 2240 librum

83 2271 139 2328 iam
159 2287 224 2328 esse
243 2266 372 2327 omnibus
389 2267 565 2346 permissum.
602 2263 680 2325 ldeun
695 2283 807 2344 quoque
825 2276 957 2326 serretur
974 2264 1010 2324 ab
1029 2265 1115 2325 bere-

84 2354 169 2414 dibua
186 2364 217 2413 et
234 2352 453 2413 umentoribus
475 2352 635 2412 ultimarum
656 2352 847 2418 voluntatum,
870 2361 903 2410 ut
919 2349 1009 2412 libros
1028 2371 1045 2410 ι
1063 2349 1116 2410 de·
1177 2375 1185 2385 ·

83 2441 191 2500 luuctis
214 2439 333 2498 relictos
355 2440 415 2498 sive
439 2457 537 2498 eornm
560 2435 684 2498 indicem
707 2437 764 2498 illis
786 2437 918 2517 personis
945 2435 1123 2516 deputandis-

86 2526 223 2596 offerant,
242 2535 274 2584 et
290 2524 326 2583 ab
345 2525 381 2583 iis
398 2524 543 2583 licentiam
562 2523 725 2595 obtineant,
747 2525 910 2602 priusquam
928 2523 972 2584 eia
989 2530 1116 2594 utauttm,

84 2622 136 2670 aut
154 2611 183 2670 in
202 2610 273 2670 alias
296 2625 435 2689 personas
458 2627 624 2688 quacunque
648 2611 761 2670 ratione
785 2609 967 2670 maslerant.
1017 2608 1049 2668 ln
1072 2609 1117 2668 bis

84 2707 182 2757 autem
196 2695 325 2756 omnibus
340 2705 370 2756 ct
383 2696 502 2773 singulis
518 2714 614 2774 poena
630 2704 772 2756 statuatur
789 2694 836 2756 vel
853 2695 1013 2757 amissionis
1027 2694 1117 2754 libre-

84 2801 160 2854 rum,
176 2783 224 2841 vel
242 2782 300 2840 alin
317 2781 438 2841 arbitrio
457 2778 614 2840 eorundem
631 2781 833 2858 episcopcrum
844 2780 893 2840 vel
907 2781 1116 2858 inquisitorum,

85 2889 139 2948 pro
160 2867 297 2946 qualitate
316 2868 515 2926 contumaciae
531 2867 578 2925 vel
597 2863 707 2924 delicti.

173 2953 260 3012 Circa
276 2972 346 3012 vero
366 2952 469 3024 libros,
493 2972 564 3032 quos
581 2950 682 3012 Patres
705 2947 834 3028 deputati
852 2949 1050 3010 examinarunt
1068 2959 1117 3009 aut
1130 2966 1169 3007 ate
1225 3017 1231 3024 ⁵

83 3048 292 3118 expurgarent,
311 3048 360 3098 aut
377 3036 579 3118 expurgandus
597 3034 786 3107 tradiderunt,
805 3045 854 3096 aut
871 3035 960 3097 certis
975 3033 1117 3094 conditio·

87 3124 173 3185 uibus
190 3133 223 3182 ut
240 3143 337 3184 rursus
355 3121 568 3184 excuderentur
587 3131 803 3193 concesseruut,
823 3119 958 3201 quicquid
975 3120 1040 3181 illos
1059 3132 1117 3180 stu-

87 3211 178 3269 tuisse
188 3211 362 3281 constiterit,
381 3219 439 3270 tarn
452 3209 627 3287 bibliopolae
643 3227 724 3287 quam
735 3208 827 3270 ceteri
837 3207 1000 3268 observent.
1029 3205 1118 3268 Libe·

85 3315 148 3355 rum
167 3305 264 3354 tannen
282 3297 320 3354 sit
337 3296 481 3375 episcopis
499 3306 548 3354 eut
565 3294 780 3374 inquisitoribus
798 3292 990 3372 generalibus,
1014 3311 1119 3352 secun·

84 3381 153 3440 dnrn
172 3381 349 3452 facultatem,
369 3400 449 3460 quam
468 3380 583 3452 habent,
603 3400 655 3440 ees
672 3381 758 3440 etiam
773 3379 872 3449 libros,
891 3376 996 3456 quibis
1010 3377 1119 3453 regulis

85 3467 215 3546 permitti
232 3465 375 3537 videntur,
394 3466 560 3545 probibere,
578 3467 603 3525 si
621 3465 678 3524 boc
696 3466 725 3523 iu
742 3466 801 3524 suis
812 3463 916 3542 reguis
935 3471 984 3520 aut
1001 3462 1119 3540 provin-

86 3553 141 3610 ciis
163 3553 211 3611 vel
234 3549 416 3613 dioecesibus
439 3551 577 3631 expedire
600 3549 799 3610 iudicaverint.
850 3547 985 3608 Ceterum
1003 3547 1119 3606 nemina

87 3657 153 3697 cum
171 3637 319 3709 librorum,
339 3637 553 3718 quiaPatribuu
567 3635 712 3714 deputatis
719 3635 833 3714 purgati
842 3643 916 3704 suut,
935 3642 994 3692 tum
1009 3651 1120 3704 corum,

86 3723 191 3802 quibus
208 3723 251 3782 illi
269 3723 343 3782 heae
361 3725 536 3808 provinciam
559 3720 714 3792 dederuut,
738 3717 895 3780 eorundem
918 3715 1119 3799 deputatorum

86 3810 265 3869 secretarius
291 3810 406 3869 notario
433 3829 535 3870 sacrae
562 3807 731 3868 universalis
758 3805 949 3884 inquisitionis
972 3803 1120 3865 Romanae

86 3891 237 3974 descripta
254 3897 423 3976 sanctissimi
443 3894 550 3956 domini
567 3895 659 3954 uestri
677 3894 754 3953 iussu
772 3890 899 3952 tradidit.
