2652 4330
289 262 521 318 8Ε881οἯ.
549 261 919 316 nutusvtrtctr.
1070 263 1119 322 δῖ

174 405 245 463 Cen.
265 402 329 463 XV.
375 401 408 462 si
431 403 493 482 quis
512 401 632 474 dixerit,
660 403 803 464 hominem
823 414 952 462 renatum
970 413 1001 462 et
1018 403 1152 462 iustili-tt

81 501 183 552 catum
206 491 301 548 teneri
325 507 362 548 ex
385 486 441 548 hde
464 487 502 548 ad
525 486 700 548 eredendum
714 490 758 563 ¹),
785 507 816 548 se
836 499 917 549 certo
936 507 1000 550 esse
1018 489 1048 548 in
1066 508 1119 548 nu·

81 596 168 637 mero
188 573 488 653 praedestinatorum:
508 573 659 634 anathema
677 574 723 633 sit.

174 660 245 719 Car.
264 657 344 720 XVI.
389 657 422 718 Si
446 659 508 739 quis
525 678 657 737 magnum
675 657 745 719 illud
763 678 851 738 usque
869 660 899 718 io
917 660 1000 720 linem
1019 680 1121 740 perse¹

81 747 237 807 verentiae
260 743 366 805 donum
388 763 420 804 se
443 755 525 805 certo
548 744 709 804 habiturum
722 746 750 818 ²)
775 744 907 805 absoluta
929 756 959 804 et
977 745 1120 805 infallibili

83 829 265 892 certitudine
284 829 405 900 dixerit,
432 831 488 888 nisi
505 829 561 890 hoc
580 849 618 889 ex
635 830 756 909 speciali
773 831 951 890 revelatione
970 829 1119 890 didicerit:

83 915 243 976 anathema
259 915 305 973 sit.

176 999 247 1060 Cau.
265 998 360 1059 XVII.
405 995 438 1056 Si
456 998 518 1076 quis
536 997 747 1056 iustificationis
761 1000 882 1076 gratiam
897 1019 954 1060 non
968 1002 1022 1060 nisi
1035 1021 1121 1081 prae·

85 1087 243 1149 destinatis
265 1083 303 1144 ad
325 1085 412 1144 vitam
435 1083 606 1159 contingere
629 1081 748 1154 dixerit,
777 1085 904 1163 reliquos
920 1105 991 1146 vero
1010 1105 1120 1158 omnes,

85 1174 137 1253 qui
158 1180 316 1241 vocantur,
339 1168 439 1228 vocari
462 1167 589 1246 quidem,
613 1166 664 1228 sed
682 1169 804 1245 gretiam
826 1189 884 1229 non
902 1173 1052 1250 accipere,
1076 1181 1144 1254 ιιι-ι

85 1269 158 1337 pote
179 1254 277 1314 dlvina
294 1262 439 1334 potestate
457 1252 691 1332 praedestinatos
709 1252 747 1313 ad
765 1255 883 1314 malum:
903 1257 1055 1316 anathema
1073 1259 1119 1316 sit.

176 1341 248 1400 Cau.
266 1339 374 1399 XVIII.
416 1336 447 1396 st
464 1341 526 1417 quis
539 1336 655 1410 dixerit,
674 1338 729 1398 Dei
741 1350 899 1418 praecepta
912 1341 1019 1402 homini
1033 1343 1121 1402 etiam

87 1427 275 1488 ἰιιιιίιῑιιιιιι3
279 1431 291 1500 )
311 1434 342 1484 et
359 1424 410 1483 suh
431 1425 523 1498 gratia
542 1425 698 1483 constituto
717 1443 781 1484 esse
795 1425 1078 1487 adohservandum
1069 1447 1121 1487 un·

87 1513 255 1594 possibilia:
275 1510 426 1570 anathema
444 1508 490 1567 sit.

178 1597 248 1656 Cau.
267 1594 347 1656 XIX.
392 1592 424 1652 Si
453 1595 515 1673 quis
538 1593 658 1663 dixerit
692 1595 761 1654 nihil
788 1607 973 1676 praeceptum
1001 1616 1064 1656 esse
1092 1599 1121 1656 in

89 1682 243 1763 evangelio
262 1691 379 1760 praeter
393 1678 492 1752 fidem,
512 1690 612 1739 cetera
626 1697 690 1740 esse
705 1679 909 1752 indifferentia,
929 1700 1021 1761 neque
1036 1702 1122 1763 prae-

90 1780 186 1871 cepta,
206 1786 299 1846 neque
318 1764 476 1845 prohibita,
496 1762 548 1824 sed
567 1765 672 1834 liberm
691 1776 740 1824 ιιι
759 1765 858 1826 decem
877 1778 1035 1865 praecepta
1052 1768 1121 1830 nihil

89 1857 240 1936 pertinere
258 1850 295 1911 ad
315 1851 508 1910 Christianos.
527 1850 679 1910 anathema
696 1852 742 1910 sit.

178 1940 249 1998 Cau
268 1937 333 1996 XX.
380 1935 412 1996 Si
431 1938 492 2016 quis
510 1935 653 1995 hominem
672 1936 854 1995 iustificatum
872 1945 903 1995 et
917 1937 1123 2016 quantumlibet
1230 1927 1237 1938 ’

90 2027 253 2108 perlectum
265 2025 294 2096 4)
321 2021 427 2082 dixerit
448 2041 506 2080 non
529 2023 622 2081 teneri
640 2019 677 2079 ad
697 2020 906 2084 observantiam
925 2017 1122 2084 mandatorum

91 2114 146 2177 Dei
165 2122 197 2172 et
214 2109 368 2180 eeclesiae,
388 2105 439 2168 sed
458 2117 565 2168 tantum
585 2105 621 2167 ad
636 2104 825 2208 credendum,
845 2111 1014 2189 quasivero
1035 2127 1122 2169 evan·
1109 2129 1155 2170 -ιι

92 2200 199 2278 galium
217 2197 256 2256 sit
273 2193 349 2254 nuda
367 2205 397 2254 et
414 2193 546 2253 absoluta
563 2195 715 2273 promissio
732 2195 809 2255 vitae
824 2203 961 2255 aeternae
976 2197 1037 2255 sine
1053 2216 1122 2256 con·

92 2285 203 2344 ditione
223 2281 434 2343 observationis
452 2278 664 2340 mandatorum:
683 2280 835 2341 anathema
852 2282 898 2340 sit.

180 2368 250 2427 Cen.
269 2365 348 2428 XXI.
395 2364 427 2424 Si
446 2367 508 2445 quis
527 2364 646 2437 dixerit,
675 2364 818 2426 Christum
841 2366 933 2426 lesum
952 2386 970 2424 a
988 2363 1050 2425 Deo
1070 2366 1125 2426 ho·'

94 2455 217 2515 minibus
237 2453 333 2513 datum
351 2453 440 2511 luisse
459 2461 490 2511 ut
507 2449 733 2530 redemptorem,
764 2454 810 2510 eui
828 2450 931 2523 lidant,
959 2472 1017 2510 non
1036 2454 1122 2513 etiam

92 2553 123 2600 ut
142 2541 349 2620 legislatorem,
370 2539 417 2596 cui
436 2535 586 2597 obediant:
606 2535 758 2596 anathema
775 2538 821 2596 sit.

180 2625 250 2685 Cau.
269 2624 363 2685 XXII.
410 2621 441 2681 Si
465 2624 526 2702 quis
548 2621 656 2682 dixerit
672 2622 853 2682 iustificatum
867 2623 894 2696 ⁵)
914 2623 960 2683 vel
978 2613 1040 2683 sine
1059 2643 1124 2702 spe·

94 2713 160 2773 ciali
189 2711 296 2770 anxilio
316 2709 370 2768 Dei
398 2709 427 2766 in
454 2718 576 2787 accepta
601 2708 710 2768 iustitia
736 2728 923 2787 perseverare
951 2727 1051 2787 posse,
1077 2709 1123 2768 vel

95 2819 157 2858 eum
177 2817 213 2858 eo
233 2816 290 2856 non
309 2814 410 2874 posse:
429 2793 582 2853 anathema
599 2795 647 2852 sit.

180 2883 251 2942 Ceu.
270 2880 378 2941 XXIII.
421 2877 453 2939 Si
471 2882 533 2958 quis
551 2879 694 2938 hominem
712 2879 800 2938 semel
818 2879 1000 2939 iustificatum
1019 2877 1125 2939 dixerit

94 2970 215 3049 amplius
233 2986 359 3048 peecare
378 2985 435 3025 non
453 2985 538 3045 posse
553 2965 597 3040 ⁶),
621 2983 713 3046 neque
732 2965 853 3041 gratiam
871 2965 1019 3035 amittere,
1038 2975 1124 3043 etque

94 3055 162 3115 ideo
181 3073 261 3125 cum,
290 3054 337 3132 qui
355 3050 461 3111 labitur
479 3061 509 3110 et
525 3059 644 3129 peccat,
672 3067 812 3127 nunquam
829 3067 898 3107 vere
917 3049 1005 3108 fuisse
1023 3048 1125 3108 iustili-

96 3153 205 3213 eatum3
233 3148 283 3198 aut
301 3147 417 3209 contra,
442 3155 530 3236 posse
553 3135 582 3193 in
605 3144 666 3192 tota
683 3135 742 3192 vita
759 3143 883 3213 peccata
901 3134 1009 3206 omnia,
1038 3137 1142 3207 etiam}

94 3225 233 3296 venialia,
261 3225 368 3294 vitare,
397 3222 451 3281 nisi
474 3241 511 3282 cx
533 3219 652 3300 speciali
675 3216 729 3278 Dei
751 3220 917 3299 privilegio,
942 3218 1125 3299 quemadmo-
1111 3245 1144 3292 -ι

96 3311 161 3372 dnm
179 3310 217 3370 de
235 3309 322 3386 beata
317 3307 490 3409 Virgipe
475 3315 556 3389 tenet
578 3304 718 3366 ecelesia:
737 3305 888 3366 anathema
905 3306 951 3364 sit.

181 3395 253 3456 Can.
274 3374 384 3454 XXIV.
435 3381 511 3452 Si
494 3393 556 3470 quis
583 3390 702 3464 dixerit,
734 3393 868 3452 iustitiam
895 3401 1045 3473 acceptam
1067 3412 1126 3452 non

97 3481 323 3555 conservarsi),
351 3489 439 3559 atque
461 3480 547 3538 etiam
570 3498 627 3537 non
651 3479 751 3571 augeri
774 3498 870 3538 coram
889 3477 952 3538 Deo
974 3477 1126 3559 perbona

97 3589 201 3649 opera3
230 3563 283 3627 sed
301 3585 391 3646 opera
409 3567 472 3646 ipsa
489 3566 599 3626 fruetus
617 3548 793 3625 solummodo
813 3575 843 3624 et
859 3564 942 3643 signa
960 3583 1024 3628 esse
1042 3564 1124 3625 iusti·

97 3654 241 3715 fieauonis
268 3651 407 3732 adeptae,
436 3671 493 3711 non
510 3662 605 3713 antem
624 3652 711 3731 ipsius
729 3650 879 3730 augendae
898 3671 1027 3712 causam·
1055 3670 1126 3711 ena·

101 3740 196 3800 thema
214 3739 261 3799 sit.

150 3886 581 3954 Sere.VIl)cI..enpro.12.-
593 3885 815 3954 tteI.I..‚-bett
827 3885 1047 3939 tlel.I...-bett
1058 3884 1124 3942 tlel.

100 3941 274 3996 expete-a)
286 3937 317 3984 ol
328 3953 391 3997 supr
403 3941 453 3986 eod
465 3953 485 3986 e.
496 3938 784 3995 ta.-t)ct1tett
793 3940 856 3994 tter.
866 3941 971 3986 ἰ..ιιθ.

1264 917 1283 961 Ι
