<?xml version="1.0" encoding="UTF-8"?>
<!DOCTYPE html PUBLIC "-//W3C//DTD XHTML 1.0 Transitional//EN"
    "http://www.w3.org/TR/xhtml1/DTD/xhtml1-transitional.dtd">
<html xmlns="http://www.w3.org/1999/xhtml" xml:lang="en" lang="en">
 <head>
  <title>
</title>
<meta http-equiv="Content-Type" content="text/html;charset=utf-8" />
  <meta name='ocr-system' content='tesseract 3.04.00' />
  <meta name='ocr-capabilities' content='ocr_page ocr_carea ocr_par ocr_line ocrx_word'/>
</head>
<body>
  <div class='ocr_page' id='page_1' title='image "./canonesetdecret00stergoog_0309.png"; bbox 0 0 2648 4336; ppageno 0'>
   <div class='ocr_carea' id='block_1_1' title="bbox 222 225 963 324">
    <p class='ocr_par' dir='ltr' id='par_1_1' title="bbox 222 225 963 324">
     <span class='ocr_line' id='line_1_1' title="bbox 222 225 963 324; baseline -0.009 -11"><span class='ocrx_word' id='word_1_1' title='bbox 222 263 304 324; x_wconf 70' lang='lat' dir='ltr'><strong>su</strong></span> <span class='ocrx_word' id='word_1_2' title='bbox 536 225 963 310; x_wconf 65' lang='lat' dir='ltr'><strong>uenusrnrrsron</strong></span> 
     </span>
    </p>
   </div>
   <div class='ocr_carea' id='block_1_2' title="bbox 226 389 1294 1159">
    <p class='ocr_par' dir='ltr' id='par_1_2' title="bbox 226 389 1294 1100">
     <span class='ocr_line' id='line_1_2' title="bbox 313 389 1243 478; baseline -0.009 -20"><span class='ocrx_word' id='word_1_3' title='bbox 313 398 468 478; x_wconf 86' lang='lat' dir='ltr'><strong>implorato</strong></span> <span class='ocrx_word' id='word_1_4' title='bbox 495 396 591 475; x_wconf 86' lang='lat' dir='ltr'><strong>itaque</strong></span> <span class='ocrx_word' id='word_1_5' title='bbox 618 414 683 454; x_wconf 84' lang='lat' dir='ltr'><strong>cnm</strong></span> <span class='ocrx_word' id='word_1_6' title='bbox 710 390 830 454; x_wconf 84' lang='lat' dir='ltr'><strong>assiduis</strong></span> <span class='ocrx_word' id='word_1_7' title='bbox 856 393 962 452; x_wconf 88' lang='lat' dir='ltr'><strong>nostris</strong></span> <span class='ocrx_word' id='word_1_8' title='bbox 993 399 1051 452; x_wconf 89' lang='lat' dir='ltr'><strong>tum</strong></span> <span class='ocrx_word' id='word_1_9' title='bbox 1083 401 1115 450; x_wconf 89' lang='lat' dir='ltr'><strong>et</strong></span> <span class='ocrx_word' id='word_1_10' title='bbox 1144 389 1243 470; x_wconf 84' lang='lat' dir='ltr'><strong>piorum</strong></span> 
     </span>
     <span class='ocr_line' id='line_1_3' title="bbox 226 475 1291 568; baseline -0.01 -22"><span class='ocrx_word' id='word_1_11' title='bbox 226 483 459 546; x_wconf 75' lang='lat' dir='ltr'><strong>christifidelium</strong></span> <span class='ocrx_word' id='word_1_12' title='bbox 478 481 595 562; x_wconf 86' lang='lat' dir='ltr'><strong>privatis</strong></span> <span class='ocrx_word' id='word_1_13' title='bbox 613 479 789 559; x_wconf 70' lang='lat' dir='ltr'>publicisque</span> <span class='ocrx_word' id='word_1_14' title='bbox 807 477 941 558; x_wconf 88' lang='lat' dir='ltr'><strong>precibus</strong></span> <span class='ocrx_word' id='word_1_15' title='bbox 956 475 1080 557; x_wconf 76' lang='lat' dir='ltr'><strong>Spiritus</strong></span> <span class='ocrx_word' id='word_1_16' title='bbox 1102 476 1194 536; x_wconf 81' lang='lat' dir='ltr'><strong>sancti</strong></span> <span class='ocrx_word' id='word_1_17' title='bbox 1208 476 1245 535; x_wconf 89' lang='lat' dir='ltr'><strong>lu·</strong></span> <span class='ocrx_word' id='word_1_18' title='bbox 1290 553 1291 568; x_wconf 12' lang='grc' dir='ltr'>χ</span> 
     </span>
     <span class='ocr_line' id='line_1_4' title="bbox 228 562 1245 647; baseline -0.013 -15"><span class='ocrx_word' id='word_1_19' title='bbox 228 574 317 642; x_wconf 88' lang='lat' dir='ltr'><strong>mine,</strong></span> <span class='ocrx_word' id='word_1_20' title='bbox 346 568 474 629; x_wconf 88' lang='lat' dir='ltr'><strong>omnibus</strong></span> <span class='ocrx_word' id='word_1_21' title='bbox 496 568 588 647; x_wconf 84' lang='lat' dir='ltr'><strong>plene</strong></span> <span class='ocrx_word' id='word_1_22' title='bbox 604 575 634 624; x_wconf 93' lang='lat' dir='ltr'><strong>et</strong></span> <span class='ocrx_word' id='word_1_23' title='bbox 661 573 769 624; x_wconf 91' lang='lat' dir='ltr'><strong>mature</strong></span> <span class='ocrx_word' id='word_1_24' title='bbox 799 562 1001 635; x_wconf 74' lang='lat' dir='ltr'><strong>consideratis,</strong></span> <span class='ocrx_word' id='word_1_25' title='bbox 1030 562 1192 642; x_wconf 84' lang='lat' dir='ltr'><strong>complures</strong></span> <span class='ocrx_word' id='word_1_26' title='bbox 1215 579 1245 620; x_wconf 82' lang='lat' dir='ltr'><strong>en</strong></span> 
     </span>
     <span class='ocr_line' id='line_1_5' title="bbox 229 646 1244 729; baseline -0.012 -11"><span class='ocrx_word' id='word_1_27' title='bbox 229 657 301 718; x_wconf 80' lang='lat' dir='ltr'><strong>e&#39;ctis</strong></span> <span class='ocrx_word' id='word_1_28' title='bbox 324 665 355 714; x_wconf 91' lang='lat' dir='ltr'><strong>et</strong></span> <span class='ocrx_word' id='word_1_29' title='bbox 376 653 501 714; x_wconf 80' lang='lat' dir='ltr'>decretis</span> <span class='ocrx_word' id='word_1_30' title='bbox 524 661 698 711; x_wconf 88' lang='lat' dir='ltr'><strong>memoratae</strong></span> <span class='ocrx_word' id='word_1_31' title='bbox 721 649 824 729; x_wconf 82' lang='lat' dir='ltr'>synodi</span> <span class='ocrx_word' id='word_1_32' title='bbox 845 650 1072 729; x_wconf 73' lang='lat' dir='ltr'><strong>propositiones,</strong></span> <span class='ocrx_word' id='word_1_33' title='bbox 1102 646 1244 719; x_wconf 85' lang='lat' dir='ltr'><strong>doctrinas,</strong></span> 
     </span>
     <span class='ocr_line' id='line_1_6' title="bbox 229 733 1292 816; baseline -0.012 -12"><span class='ocrx_word' id='word_1_34' title='bbox 229 741 400 810; x_wconf 82' lang='lat' dir='ltr'><strong>sententias,</strong></span> <span class='ocrx_word' id='word_1_35' title='bbox 420 740 479 798; x_wconf 89' lang='lat' dir='ltr'><strong>sive</strong></span> <span class='ocrx_word' id='word_1_36' title='bbox 499 755 635 816; x_wconf 87' lang='lat' dir='ltr'><strong>expresse</strong></span> <span class='ocrx_word' id='word_1_37' title='bbox 653 734 788 807; x_wconf 88' lang='lat' dir='ltr'><strong>truditas,</strong></span> <span class='ocrx_word' id='word_1_38' title='bbox 807 735 867 796; x_wconf 87' lang='lat' dir='ltr'><strong>sive</strong></span> <span class='ocrx_word' id='word_1_39' title='bbox 886 754 939 814; x_wconf 89' lang='lat' dir='ltr'><strong>per</strong></span> <span class='ocrx_word' id='word_1_40' title='bbox 956 734 1173 814; x_wconf 71' lang='lat' dir='ltr'><strong>ambiguitatem</strong></span> <span class='ocrx_word' id='word_1_41' title='bbox 1189 733 1246 792; x_wconf 85' lang='lat' dir='ltr'><strong>iusi·</strong></span> <span class='ocrx_word' id='word_1_42' title='bbox 1291 733 1292 754; x_wconf 70' lang='lat'>³</span> 
     </span>
     <span class='ocr_line' id='line_1_7' title="bbox 230 821 1293 905; baseline -0.009 -18"><span class='ocrx_word' id='word_1_43' title='bbox 230 836 341 896; x_wconf 83' lang='lat' dir='ltr'><strong>unates,</strong></span> <span class='ocrx_word' id='word_1_44' title='bbox 360 825 433 894; x_wconf 88' lang='lat' dir='ltr'><strong>suis,</strong></span> <span class='ocrx_word' id='word_1_45' title='bbox 452 834 485 883; x_wconf 91' lang='lat' dir='ltr'><strong>ut</strong></span> <span class='ocrx_word' id='word_1_46' title='bbox 501 824 660 905; x_wconf 87' lang='lat' dir='ltr'><strong>praelatum</strong></span> <span class='ocrx_word' id='word_1_47' title='bbox 680 832 737 893; x_wconf 89' lang='lat' dir='ltr'><strong>est,</strong></span> <span class='ocrx_word' id='word_1_48' title='bbox 758 823 859 900; x_wconf 84' lang='lat' dir='ltr'><strong>cuique</strong></span> <span class='ocrx_word' id='word_1_49' title='bbox 878 822 1017 900; x_wconf 85' lang='lat' dir='ltr'><strong>appositis</strong></span> <span class='ocrx_word' id='word_1_50' title='bbox 1035 821 1124 892; x_wconf 91' lang='lat' dir='ltr'><strong>notis,</strong></span> <span class='ocrx_word' id='word_1_51' title='bbox 1143 829 1174 879; x_wconf 86' lang='lat' dir='ltr'><strong>et</strong></span> <span class='ocrx_word' id='word_1_52' title='bbox 1189 837 1246 878; x_wconf 89' lang='lat' dir='ltr'><strong>cen·</strong></span> <span class='ocrx_word' id='word_1_53' title='bbox 1292 822 1293 892; x_wconf 77' lang='lat' dir='ltr'><strong>l</strong></span> 
     </span>
     <span class='ocr_line' id='line_1_8' title="bbox 228 905 1247 987; baseline -0.011 -15"><span class='ocrx_word' id='word_1_54' title='bbox 228 913 303 972; x_wconf 89' lang='lat' dir='ltr'><strong>suris</strong></span> <span class='ocrx_word' id='word_1_55' title='bbox 321 907 494 970; x_wconf 90' lang='lat' dir='ltr'><strong>damnandas</strong></span> <span class='ocrx_word' id='word_1_56' title='bbox 513 919 543 968; x_wconf 92' lang='lat' dir='ltr'><strong>et</strong></span> <span class='ocrx_word' id='word_1_57' title='bbox 560 905 755 987; x_wconf 89' lang='lat' dir='ltr'><strong>reprobandas</strong></span> <span class='ocrx_word' id='word_1_58' title='bbox 778 908 951 979; x_wconf 88' lang='lat' dir='ltr'><strong>censuimus,</strong></span> <span class='ocrx_word' id='word_1_59' title='bbox 974 915 1059 986; x_wconf 90' lang='lat' dir='ltr'><strong>prout</strong></span> <span class='ocrx_word' id='word_1_60' title='bbox 1082 905 1140 966; x_wconf 89' lang='lat' dir='ltr'><strong>bac</strong></span> <span class='ocrx_word' id='word_1_61' title='bbox 1162 914 1247 966; x_wconf 85' lang='lat' dir='ltr'><strong>nostra</strong></span> 
     </span>
     <span class='ocr_line' id='line_1_9' title="bbox 229 989 1294 1100; baseline -0.008 -43"><span class='ocrx_word' id='word_1_62' title='bbox 229 1007 370 1077; x_wconf 91' lang='lat' dir='ltr'><strong>perpetuo</strong></span> <span class='ocrx_word' id='word_1_63' title='bbox 387 995 508 1054; x_wconf 90' lang='lat' dir='ltr'><strong>valitura</strong></span> <span class='ocrx_word' id='word_1_64' title='bbox 527 995 731 1054; x_wconf 87' lang='lat' dir='ltr'><strong>constitutione</strong></span> <span class='ocrx_word' id='word_1_65' title='bbox 750 992 913 1054; x_wconf 87' lang='lat' dir='ltr'><strong>damnemus</strong></span> <span class='ocrx_word' id='word_1_66' title='bbox 930 1002 961 1052; x_wconf 86' lang='lat' dir='ltr'><strong>et</strong></span> <span class='ocrx_word' id='word_1_67' title='bbox 978 989 1177 1073; x_wconf 82' lang='lat' dir='ltr'><strong>reprobamus.</strong></span> <span class='ocrx_word' id='word_1_68' title='bbox 1293 1046 1294 1100; x_wconf 38' lang='lat' dir='ltr'><strong>p</strong></span> 
     </span>
    </p>

    <p class='ocr_par' dir='ltr' id='par_1_3' title="bbox 316 1079 1294 1159">
     <span class='ocr_line' id='line_1_10' title="bbox 316 1079 1294 1159; baseline -0.004 -20"><span class='ocrx_word' id='word_1_69' title='bbox 316 1079 389 1140; x_wconf 85' lang='lat' dir='ltr'><strong>Sunt</strong></span> <span class='ocrx_word' id='word_1_70' title='bbox 406 1091 500 1140; x_wconf 89' lang='lat' dir='ltr'><strong>autem</strong></span> <span class='ocrx_word' id='word_1_71' title='bbox 519 1099 591 1159; x_wconf 90' lang='lat' dir='ltr'><strong>qnae</strong></span> <span class='ocrx_word' id='word_1_72' title='bbox 609 1090 774 1159; x_wconf 79' lang='lat' dir='ltr'><strong>sequuntur.</strong></span> <span class='ocrx_word' id='word_1_73' title='bbox 1293 1125 1294 1142; x_wconf 64' lang='grc'>,</span> 
     </span>
    </p>
   </div>
   <div class='ocr_carea' id='block_1_3' title="bbox 177 1209 1136 1416">
    <p class='ocr_par' dir='ltr' id='par_1_4' title="bbox 177 1209 1136 1416">
     <span class='ocr_line' id='line_1_11' title="bbox 177 1209 1136 1294; baseline -0.002 -2"><span class='ocrx_word' id='word_1_74' title='bbox 177 1247 218 1292; x_wconf 77' lang='lat' dir='ltr'><strong>snt</strong></span> <span class='ocrx_word' id='word_1_75' title='bbox 354 1209 402 1292; x_wconf 84' lang='lat' dir='ltr'><strong>tte</strong></span> <span class='ocrx_word' id='word_1_76' title='bbox 426 1232 676 1294; x_wconf 71' lang='lat' dir='ltr'><strong>obscuratione</strong></span> <span class='ocrx_word' id='word_1_77' title='bbox 699 1234 886 1293; x_wconf 84' lang='lat' dir='ltr'><strong>veritatum</strong></span> <span class='ocrx_word' id='word_1_78' title='bbox 909 1233 943 1290; x_wconf 91' lang='lat' dir='ltr'><strong>in</strong></span> <span class='ocrx_word' id='word_1_79' title='bbox 965 1232 1136 1292; x_wconf 88' lang='lat' dir='ltr'><strong>ecclesia.</strong></span> 
     </span>
     <span class='ocr_line' id='line_1_12' title="bbox 563 1353 920 1416; baseline 0.006 -18"><span class='ocrx_word' id='word_1_80' title='bbox 563 1353 608 1400; x_wconf 77' lang='lat' dir='ltr'><strong>Ea·</strong></span> <span class='ocrx_word' id='word_1_81' title='bbox 625 1353 704 1403; x_wconf 79' lang='lat' dir='ltr'><strong>Dour.</strong></span> <span class='ocrx_word' id='word_1_82' title='bbox 723 1354 753 1400; x_wconf 80' lang='lat' dir='ltr'><strong>tle</strong></span> <span class='ocrx_word' id='word_1_83' title='bbox 769 1360 840 1416; x_wconf 77' lang='lat' dir='ltr'><strong>gret.</strong></span> <span class='ocrx_word' id='word_1_84' title='bbox 858 1355 878 1415; x_wconf 73' lang='lat' dir='ltr'><strong>t.</strong></span> <span class='ocrx_word' id='word_1_85' title='bbox 896 1355 920 1401; x_wconf 91' lang='lat'><strong>1.</strong></span> 
     </span>
    </p>
   </div>
   <div class='ocr_carea' id='block_1_4' title="bbox 231 1451 1297 1774">
    <p class='ocr_par' dir='ltr' id='par_1_5' title="bbox 231 1451 1297 1774">
     <span class='ocr_line' id='line_1_13' title="bbox 318 1451 1296 1534; baseline -0.005 -20"><span class='ocrx_word' id='word_1_86' title='bbox 318 1455 339 1516; x_wconf 89' lang='lat'><strong>1.</strong></span> <span class='ocrx_word' id='word_1_87' title='bbox 368 1451 545 1533; x_wconf 75' lang='lat' dir='ltr'><strong>propositio,</strong></span> <span class='ocrx_word' id='word_1_88' title='bbox 574 1473 646 1534; x_wconf 90' lang='lat' dir='ltr'><strong>quae</strong></span> <span class='ocrx_word' id='word_1_89' title='bbox 675 1457 791 1515; x_wconf 88' lang='lat' dir='ltr'><strong>asserit:</strong></span> <span class='ocrx_word' id='word_1_90' title='bbox 824 1451 1001 1527; x_wconf 86' lang='lat' dir='ltr'><strong>„Postremis</strong></span> <span class='ocrx_word' id='word_1_91' title='bbox 1028 1454 1110 1513; x_wconf 89' lang='lat' dir='ltr'><strong>bisce</strong></span> <span class='ocrx_word' id='word_1_92' title='bbox 1139 1452 1247 1512; x_wconf 88' lang='lat' dir='ltr'><strong>saeculis</strong></span> <span class='ocrx_word' id='word_1_93' title='bbox 1295 1490 1296 1532; x_wconf 69' lang='lat'><strong>,</strong></span> 
     </span>
     <span class='ocr_line' id='line_1_14' title="bbox 231 1535 1296 1621; baseline -0.006 -20"><span class='ocrx_word' id='word_1_94' title='bbox 231 1559 358 1621; x_wconf 90' lang='lat' dir='ltr'><strong>sparsam</strong></span> <span class='ocrx_word' id='word_1_95' title='bbox 377 1558 440 1599; x_wconf 89' lang='lat' dir='ltr'><strong>csse</strong></span> <span class='ocrx_word' id='word_1_96' title='bbox 461 1540 625 1617; x_wconf 83' lang='lat' dir='ltr'><strong>generalem</strong></span> <span class='ocrx_word' id='word_1_97' title='bbox 644 1539 875 1600; x_wconf 80' lang='lat' dir='ltr'><strong>obscurationem</strong></span> <span class='ocrx_word' id='word_1_98' title='bbox 893 1551 980 1620; x_wconf 85' lang='lat' dir='ltr'><strong>super</strong></span> <span class='ocrx_word' id='word_1_99' title='bbox 992 1539 1134 1598; x_wconf 82' lang='lat' dir='ltr'><strong>veritates</strong></span> <span class='ocrx_word' id='word_1_100' title='bbox 1148 1538 1248 1617; x_wconf 80' lang='lat' dir='ltr'><strong>gravio·</strong></span> <span class='ocrx_word' id='word_1_101' title='bbox 1295 1535 1296 1544; x_wconf 74' lang='grc'>’</span> 
     </span>
     <span class='ocr_line' id='line_1_15' title="bbox 231 1621 1246 1704; baseline -0.007 -18"><span class='ocrx_word' id='word_1_102' title='bbox 231 1629 272 1686; x_wconf 90' lang='lat' dir='ltr'><strong>ris</strong></span> <span class='ocrx_word' id='word_1_103' title='bbox 290 1626 434 1695; x_wconf 80' lang='lat' dir='ltr'><strong>momenti,</strong></span> <span class='ocrx_word' id='word_1_104' title='bbox 453 1634 617 1704; x_wconf 83' lang='lat' dir='ltr'><strong>spectantes</strong></span> <span class='ocrx_word' id='word_1_105' title='bbox 631 1624 667 1684; x_wconf 91' lang='lat' dir='ltr'><strong>ad</strong></span> <span class='ocrx_word' id='word_1_106' title='bbox 682 1625 861 1703; x_wconf 85' lang='lat' dir='ltr'><strong>religionem,</strong></span> <span class='ocrx_word' id='word_1_107' title='bbox 882 1635 911 1684; x_wconf 93' lang='lat' dir='ltr'><strong>et</strong></span> <span class='ocrx_word' id='word_1_108' title='bbox 926 1624 997 1704; x_wconf 80' lang='lat' dir='ltr'><strong>qnae</strong></span> <span class='ocrx_word' id='word_1_109' title='bbox 1012 1635 1078 1684; x_wconf 91' lang='lat' dir='ltr'><strong>sunt</strong></span> <span class='ocrx_word' id='word_1_110' title='bbox 1092 1626 1169 1690; x_wconf 89' lang='lat' dir='ltr'><strong>basis</strong></span> <span class='ocrx_word' id='word_1_111' title='bbox 1183 1621 1246 1690; x_wconf 83' lang='lat' dir='ltr'><strong>fidei,</strong></span> 
     </span>
     <span class='ocr_line' id='line_1_16' title="bbox 231 1708 1297 1774; baseline 0.004 -4"><span class='ocrx_word' id='word_1_112' title='bbox 231 1721 262 1770; x_wconf 87' lang='lat' dir='ltr'><strong>et</strong></span> <span class='ocrx_word' id='word_1_113' title='bbox 280 1711 395 1770; x_wconf 89' lang='lat' dir='ltr'><strong>moralis</strong></span> <span class='ocrx_word' id='word_1_114' title='bbox 414 1708 564 1769; x_wconf 88' lang='lat' dir='ltr'><strong>doetrinae</strong></span> <span class='ocrx_word' id='word_1_115' title='bbox 584 1709 648 1769; x_wconf 91' lang='lat' dir='ltr'><strong>lesu</strong></span> <span class='ocrx_word' id='word_1_116' title='bbox 666 1709 809 1769; x_wconf 86' lang='lat' dir='ltr'><strong>Christi“:</strong></span> <span class='ocrx_word' id='word_1_117' title='bbox 829 1745 868 1756; x_wconf 89' lang='lat'>—</span> <span class='ocrx_word' id='word_1_118' title='bbox 887 1709 1069 1770; x_wconf 70' lang='lat' dir='ltr'><strong>[decreticu-</strong></span> <span class='ocrx_word' id='word_1_119' title='bbox 1296 1712 1297 1774; x_wconf 87' lang='lat' dir='ltr'><strong>l</strong></span> 
     </span>
    </p>
   </div>
   <div class='ocr_carea' id='block_1_5' title="bbox 231 1862 1248 1942">
    <p class='ocr_par' dir='ltr' id='par_1_6' title="bbox 231 1837 1248 1942">
     <span class='ocr_line' id='line_1_17' title="bbox 231 1862 1248 1942; baseline -0.004 -21"><span class='ocrx_word' id='word_1_120' title='bbox 231 1862 279 1922; x_wconf 84' lang='lat' dir='ltr'><strong>lle</strong></span> <span class='ocrx_word' id='word_1_121' title='bbox 312 1873 489 1942; x_wconf 88' lang='lat' dir='ltr'><strong>potestate</strong></span> <span class='ocrx_word' id='word_1_122' title='bbox 523 1866 760 1922; x_wconf 83' lang='lat' dir='ltr'><strong>communitati</strong></span> <span class='ocrx_word' id='word_1_123' title='bbox 792 1864 970 1924; x_wconf 86' lang='lat' dir='ltr'><strong>ecclesiae</strong></span> <span class='ocrx_word' id='word_1_124' title='bbox 1002 1865 1189 1933; x_wconf 86' lang='lat' dir='ltr'><strong>attributa,</strong></span> <span class='ocrx_word' id='word_1_125' title='bbox 1221 1868 1248 1918; x_wconf 92' lang='lat' dir='ltr'><strong>ut</strong></span> 
     </span>
    </p>
   </div>
   <div class='ocr_carea' id='block_1_6' title="bbox 394 1934 1298 2029">
    <p class='ocr_par' dir='ltr' id='par_1_7' title="bbox 394 1934 1298 2029">
     <span class='ocr_line' id='line_1_18' title="bbox 394 1934 1298 2029; baseline 0.002 -23"><span class='ocrx_word' id='word_1_126' title='bbox 394 1948 564 2027; x_wconf 83' lang='lat' dir='ltr'><strong>perhanc</strong></span> <span class='ocrx_word' id='word_1_127' title='bbox 586 1949 790 2029; x_wconf 85' lang='lat' dir='ltr'><strong>pastoribus</strong></span> <span class='ocrx_word' id='word_1_128' title='bbox 814 1951 1099 2009; x_wconf 87' lang='lat' dir='ltr'><strong>communicetur.</strong></span> <span class='ocrx_word' id='word_1_129' title='bbox 1297 1934 1298 1990; x_wconf 64' lang='lat' dir='ltr'><strong>l</strong></span> 
     </span>
    </p>
   </div>
   <div class='ocr_carea' id='block_1_7' title="bbox 641 2064 846 2130">
    <p class='ocr_par' dir='ltr' id='par_1_8' title="bbox 641 2064 846 2130">
     <span class='ocr_line' id='line_1_19' title="bbox 641 2064 846 2130; baseline 0.01 -14"><span class='ocrx_word' id='word_1_130' title='bbox 641 2064 724 2130; x_wconf 75' lang='lat' dir='ltr'><strong>Epist.</strong></span> <span class='ocrx_word' id='word_1_131' title='bbox 743 2083 846 2119; x_wconf 77' lang='lat' dir='ltr'><strong>conone.</strong></span> 
     </span>
    </p>
   </div>
   <div class='ocr_carea' id='block_1_8' title="bbox 155 2163 1299 2588">
    <p class='ocr_par' dir='ltr' id='par_1_9' title="bbox 155 2163 1299 2588">
     <span class='ocr_line' id='line_1_20' title="bbox 319 2163 1299 2250; baseline -0.004 -20"><span class='ocrx_word' id='word_1_132' title='bbox 319 2170 356 2231; x_wconf 90' lang='lat'><strong>11.</strong></span> <span class='ocrx_word' id='word_1_133' title='bbox 380 2171 559 2250; x_wconf 90' lang='lat' dir='ltr'><strong>Propositio,</strong></span> <span class='ocrx_word' id='word_1_134' title='bbox 584 2189 656 2250; x_wconf 88' lang='lat' dir='ltr'><strong>quae</strong></span> <span class='ocrx_word' id='word_1_135' title='bbox 680 2172 793 2230; x_wconf 85' lang='lat' dir='ltr'><strong>statuit:</strong></span> <span class='ocrx_word' id='word_1_136' title='bbox 822 2169 1019 2242; x_wconf 55' lang='lat' dir='ltr'><strong>‚mnenon</strong></span> <span class='ocrx_word' id='word_1_137' title='bbox 1042 2169 1144 2231; x_wconf 89' lang='lat' dir='ltr'><strong>aDeo</strong></span> <span class='ocrx_word' id='word_1_138' title='bbox 1167 2167 1246 2228; x_wconf 88' lang='lat' dir='ltr'><strong>datam</strong></span> <span class='ocrx_word' id='word_1_139' title='bbox 1298 2163 1299 2202; x_wconf 70' lang='lat' dir='ltr'><strong>l</strong></span> 
     </span>
     <span class='ocr_line' id='line_1_21' title="bbox 164 2252 1248 2335; baseline -0.006 -19"><span class='ocrx_word' id='word_1_140' title='bbox 164 2255 175 2268; x_wconf 83' lang='lat'><em>&#39;</em></span> <span class='ocrx_word' id='word_1_141' title='bbox 233 2256 387 2326; x_wconf 87' lang='lat' dir='ltr'><strong>ecelesiae,</strong></span> <span class='ocrx_word' id='word_1_142' title='bbox 402 2265 434 2314; x_wconf 90' lang='lat' dir='ltr'><strong>nt</strong></span> <span class='ocrx_word' id='word_1_143' title='bbox 448 2258 708 2316; x_wconf 85' lang='lat' dir='ltr'><strong>communicaretur</strong></span> <span class='ocrx_word' id='word_1_144' title='bbox 720 2255 892 2335; x_wconf 82' lang='lat' dir='ltr'><strong>pastoribus,</strong></span> <span class='ocrx_word' id='word_1_145' title='bbox 912 2256 959 2335; x_wconf 78' lang='lat' dir='ltr'><strong>qui</strong></span> <span class='ocrx_word' id='word_1_146' title='bbox 977 2267 1041 2316; x_wconf 88' lang='lat' dir='ltr'><strong>sunt</strong></span> <span class='ocrx_word' id='word_1_147' title='bbox 1060 2257 1125 2316; x_wconf 87' lang='lat' dir='ltr'><strong>eius</strong></span> <span class='ocrx_word' id='word_1_148' title='bbox 1143 2252 1248 2315; x_wconf 83' lang='lat' dir='ltr'><strong>ministri</strong></span> 
     </span>
     <span class='ocr_line' id='line_1_22' title="bbox 231 2341 1247 2422; baseline -0.002 -22"><span class='ocrx_word' id='word_1_149' title='bbox 231 2360 285 2422; x_wconf 91' lang='lat' dir='ltr'><strong>pro</strong></span> <span class='ocrx_word' id='word_1_150' title='bbox 308 2341 400 2401; x_wconf 86' lang='lat' dir='ltr'><strong>salute</strong></span> <span class='ocrx_word' id='word_1_151' title='bbox 423 2341 615 2412; x_wconf 87' lang='lat' dir='ltr'><strong>animarum,“</strong></span> <span class='ocrx_word' id='word_1_152' title='bbox 643 2377 683 2390; x_wconf 53' lang='grc' dir='ltr'><strong>ν·</strong></span> <span class='ocrx_word' id='word_1_153' title='bbox 706 2343 749 2401; x_wconf 91' lang='lat' dir='ltr'><strong>sic</strong></span> <span class='ocrx_word' id='word_1_154' title='bbox 772 2342 934 2412; x_wconf 89' lang='lat' dir='ltr'><strong>intellecta,</strong></span> <span class='ocrx_word' id='word_1_155' title='bbox 960 2352 992 2400; x_wconf 92' lang='lat' dir='ltr'><strong>nt</strong></span> <span class='ocrx_word' id='word_1_156' title='bbox 1014 2361 1031 2400; x_wconf 91' lang='lat' dir='ltr'><strong>a</strong></span> <span class='ocrx_word' id='word_1_157' title='bbox 1057 2341 1247 2402; x_wconf 69' lang='lat' dir='ltr'><strong>communitate</strong></span> 
     </span>
     <span class='ocr_line' id='line_1_23' title="bbox 232 2424 1247 2503; baseline -0.001 -19"><span class='ocrx_word' id='word_1_158' title='bbox 232 2425 357 2486; x_wconf 72' lang='lat' dir='ltr'><strong>tidelio-</strong></span> <span class='ocrx_word' id='word_1_159' title='bbox 377 2427 406 2483; x_wconf 90' lang='lat' dir='ltr'><strong>iu</strong></span> <span class='ocrx_word' id='word_1_160' title='bbox 423 2437 556 2503; x_wconf 90' lang='lat' dir='ltr'><strong>pastores</strong></span> <span class='ocrx_word' id='word_1_161' title='bbox 574 2424 721 2486; x_wconf 89' lang='lat' dir='ltr'><strong>derivetur</strong></span> <span class='ocrx_word' id='word_1_162' title='bbox 739 2427 931 2487; x_wconf 86' lang='lat' dir='ltr'><strong>ecclesiastici</strong></span> <span class='ocrx_word' id='word_1_163' title='bbox 953 2429 1106 2488; x_wconf 85' lang='lat' dir='ltr'><strong>ministerii</strong></span> <span class='ocrx_word' id='word_1_164' title='bbox 1129 2447 1162 2488; x_wconf 88' lang='lat' dir='ltr'><strong>ac</strong></span> <span class='ocrx_word' id='word_1_165' title='bbox 1184 2424 1247 2502; x_wconf 75' lang='lat' dir='ltr'><strong>regi·</strong></span> 
     </span>
     <span class='ocr_line' id='line_1_24' title="bbox 155 2510 663 2588; baseline 0.012 -24"><span class='ocrx_word' id='word_1_166' title='bbox 155 2555 161 2564; x_wconf 83' lang='lat'><em>.</em></span> <span class='ocrx_word' id='word_1_167' title='bbox 232 2511 314 2568; x_wconf 90' lang='lat' dir='ltr'><strong>minis</strong></span> <span class='ocrx_word' id='word_1_168' title='bbox 332 2519 473 2588; x_wconf 88' lang='lat' dir='ltr'><strong>potestas:</strong></span> <span class='ocrx_word' id='word_1_169' title='bbox 492 2510 663 2570; x_wconf 81' lang='lat' dir='ltr'><strong>diaeretica.</strong></span> 
     </span>
    </p>
   </div>
   <div class='ocr_carea' id='block_1_9' title="bbox 232 2678 1247 2826">
    <p class='ocr_par' dir='ltr' id='par_1_10' title="bbox 232 2678 1247 2826">
     <span class='ocr_line' id='line_1_25' title="bbox 232 2678 1247 2758; baseline 0 -20"><span class='ocrx_word' id='word_1_170' title='bbox 232 2679 280 2740; x_wconf 88' lang='lat' dir='ltr'><strong>De</strong></span> <span class='ocrx_word' id='word_1_171' title='bbox 300 2680 429 2758; x_wconf 77' lang='lat' dir='ltr'><strong>capitis</strong></span> <span class='ocrx_word' id='word_1_172' title='bbox 448 2680 693 2740; x_wconf 82' lang='lat' dir='ltr'><strong>ministerialis</strong></span> <span class='ocrx_word' id='word_1_173' title='bbox 712 2678 994 2742; x_wconf 84' lang='lat' dir='ltr'><strong>denominatione</strong></span> <span class='ocrx_word' id='word_1_174' title='bbox 1013 2682 1164 2742; x_wconf 87' lang='lat' dir='ltr'><strong>llomano</strong></span> <span class='ocrx_word' id='word_1_175' title='bbox 1180 2680 1247 2740; x_wconf 89' lang='lat' dir='ltr'><strong>Pon·</strong></span> 
     </span>
     <span class='ocr_line' id='line_1_26' title="bbox 595 2762 893 2826; baseline 0.007 -2"><span class='ocrx_word' id='word_1_176' title='bbox 595 2766 690 2824; x_wconf 87' lang='lat' dir='ltr'><strong>tiiici</strong></span> <span class='ocrx_word' id='word_1_177' title='bbox 713 2762 893 2826; x_wconf 87' lang='lat' dir='ltr'><strong>attributa.</strong></span> 
     </span>
    </p>
   </div>
   <div class='ocr_carea' id='block_1_10' title="bbox 593 2885 902 2953">
    <p class='ocr_par' dir='ltr' id='par_1_11' title="bbox 593 2885 902 2953">
     <span class='ocr_line' id='line_1_27' title="bbox 593 2885 902 2953; baseline 0.016 -20"><span class='ocrx_word' id='word_1_178' title='bbox 593 2886 699 2935; x_wconf 73' lang='lat' dir='ltr'><strong>meret.</strong></span> <span class='ocrx_word' id='word_1_179' title='bbox 717 2888 748 2934; x_wconf 82' lang='lat' dir='ltr'><strong>do</strong></span> <span class='ocrx_word' id='word_1_180' title='bbox 758 2885 817 2949; x_wconf 80' lang='lat' dir='ltr'><strong>fide</strong></span> <span class='ocrx_word' id='word_1_181' title='bbox 833 2885 859 2953; x_wconf 63' lang='lat' dir='ltr'><strong>d.</strong></span> <span class='ocrx_word' id='word_1_182' title='bbox 878 2891 902 2938; x_wconf 83' lang='lat'><strong>8.</strong></span> 
     </span>
    </p>
   </div>
   <div class='ocr_carea' id='block_1_11' title="bbox 232 2987 1247 3411">
    <p class='ocr_par' dir='ltr' id='par_1_12' title="bbox 232 2987 1247 3411">
     <span class='ocr_line' id='line_1_28' title="bbox 318 2987 1247 3069; baseline -0.004 -20"><span class='ocrx_word' id='word_1_183' title='bbox 318 2989 369 3049; x_wconf 87' lang='lat' dir='ltr'><strong>lli.</strong></span> <span class='ocrx_word' id='word_1_184' title='bbox 395 2990 514 3069; x_wconf 85' lang='lat' dir='ltr'><strong>iusuper</strong></span> <span class='ocrx_word' id='word_1_185' title='bbox 532 3008 604 3068; x_wconf 90' lang='lat' dir='ltr'><strong>qnae</strong></span> <span class='ocrx_word' id='word_1_186' title='bbox 624 2993 736 3051; x_wconf 88' lang='lat' dir='ltr'><strong>statuit:</strong></span> <span class='ocrx_word' id='word_1_187' title='bbox 755 2987 895 3062; x_wconf 82' lang='lat' dir='ltr'><strong>„Roman</strong></span> <span class='ocrx_word' id='word_1_188' title='bbox 916 2987 1084 3050; x_wconf 81' lang='lat' dir='ltr'><strong>Pontificem</strong></span> <span class='ocrx_word' id='word_1_189' title='bbox 1098 3007 1161 3051; x_wconf 89' lang='lat' dir='ltr'><strong>esse</strong></span> <span class='ocrx_word' id='word_1_190' title='bbox 1175 2993 1247 3064; x_wconf 88' lang='lat' dir='ltr'><strong>capnt</strong></span> 
     </span>
     <span class='ocr_line' id='line_1_29' title="bbox 233 3070 1247 3154; baseline -0.003 -19"><span class='ocrx_word' id='word_1_191' title='bbox 233 3076 456 3146; x_wconf 85' lang='lat' dir='ltr'><strong>ministeriale‚“</strong></span> <span class='ocrx_word' id='word_1_192' title='bbox 480 3111 518 3121; x_wconf 86' lang='lat'><em>-</em></span> <span class='ocrx_word' id='word_1_193' title='bbox 543 3077 584 3134; x_wconf 89' lang='lat' dir='ltr'><strong>sic</strong></span> <span class='ocrx_word' id='word_1_194' title='bbox 609 3075 767 3154; x_wconf 81' lang='lat' dir='ltr'><strong>explicata,</strong></span> <span class='ocrx_word' id='word_1_195' title='bbox 790 3085 821 3135; x_wconf 93' lang='lat' dir='ltr'><strong>ut</strong></span> <span class='ocrx_word' id='word_1_196' title='bbox 842 3073 987 3136; x_wconf 89' lang='lat' dir='ltr'><strong>Romanus</strong></span> <span class='ocrx_word' id='word_1_197' title='bbox 1009 3070 1144 3138; x_wconf 81' lang='lat' dir='ltr'><strong>Pontifex</strong></span> <span class='ocrx_word' id='word_1_198' title='bbox 1164 3087 1247 3136; x_wconf 81' lang='lat' dir='ltr'><strong>nona</strong></span> 
     </span>
     <span class='ocr_line' id='line_1_30' title="bbox 232 3155 1246 3241; baseline -0.004 -23"><span class='ocrx_word' id='word_1_199' title='bbox 232 3161 349 3219; x_wconf 84' lang='lat' dir='ltr'><strong>Christo</strong></span> <span class='ocrx_word' id='word_1_200' title='bbox 368 3162 397 3218; x_wconf 85' lang='lat' dir='ltr'><strong>iu</strong></span> <span class='ocrx_word' id='word_1_201' title='bbox 416 3158 586 3238; x_wconf 81' lang='lat' dir='ltr'><strong>personali.</strong></span> <span class='ocrx_word' id='word_1_202' title='bbox 601 3158 690 3232; x_wconf 88' lang='lat' dir='ltr'><strong>Petri,</strong></span> <span class='ocrx_word' id='word_1_203' title='bbox 710 3159 761 3220; x_wconf 92' lang='lat' dir='ltr'><strong>sed</strong></span> <span class='ocrx_word' id='word_1_204' title='bbox 780 3160 816 3219; x_wconf 92' lang='lat' dir='ltr'><strong>ab</strong></span> <span class='ocrx_word' id='word_1_205' title='bbox 840 3163 966 3221; x_wconf 89' lang='lat' dir='ltr'><strong>ecclesia</strong></span> <span class='ocrx_word' id='word_1_206' title='bbox 988 3171 1160 3241; x_wconf 90' lang='lat' dir='ltr'><strong>potestatem</strong></span> <span class='ocrx_word' id='word_1_207' title='bbox 1177 3155 1246 3217; x_wconf 88' lang='lat' dir='ltr'><strong>mini·</strong></span> 
     </span>
     <span class='ocr_line' id='line_1_31' title="bbox 232 3244 1245 3324; baseline 0 -21"><span class='ocrx_word' id='word_1_208' title='bbox 232 3246 313 3304; x_wconf 90' lang='lat' dir='ltr'><strong>sterii</strong></span> <span class='ocrx_word' id='word_1_209' title='bbox 329 3246 463 3324; x_wconf 91' lang='lat' dir='ltr'><strong>accipiat,</strong></span> <span class='ocrx_word' id='word_1_210' title='bbox 479 3264 535 3324; x_wconf 89' lang='lat' dir='ltr'><strong>qna</strong></span> <span class='ocrx_word' id='word_1_211' title='bbox 547 3245 626 3304; x_wconf 88' lang='lat' dir='ltr'><strong>velut</strong></span> <span class='ocrx_word' id='word_1_212' title='bbox 640 3244 719 3306; x_wconf 87' lang='lat' dir='ltr'><strong>Petri</strong></span> <span class='ocrx_word' id='word_1_213' title='bbox 733 3265 893 3318; x_wconf 88' lang='lat' dir='ltr'><strong>successor,</strong></span> <span class='ocrx_word' id='word_1_214' title='bbox 907 3265 992 3308; x_wconf 86' lang='lat' dir='ltr'><strong>verus</strong></span> <span class='ocrx_word' id='word_1_215' title='bbox 1008 3247 1113 3308; x_wconf 85' lang='lat' dir='ltr'><strong>Christi</strong></span> <span class='ocrx_word' id='word_1_216' title='bbox 1127 3244 1245 3306; x_wconf 75' lang='lat' dir='ltr'><strong>vicarius.</strong></span> 
     </span>
     <span class='ocr_line' id='line_1_32' title="bbox 232 3328 1244 3411; baseline -0.007 -22"><span class='ocrx_word' id='word_1_217' title='bbox 232 3349 267 3390; x_wconf 88' lang='lat' dir='ltr'><strong>ac</strong></span> <span class='ocrx_word' id='word_1_218' title='bbox 282 3333 370 3392; x_wconf 91' lang='lat' dir='ltr'><strong>totius</strong></span> <span class='ocrx_word' id='word_1_219' title='bbox 384 3331 527 3390; x_wconf 86' lang='lat' dir='ltr'><strong>ecclesiae</strong></span> <span class='ocrx_word' id='word_1_220' title='bbox 543 3341 628 3410; x_wconf 89' lang='lat' dir='ltr'><strong>caput</strong></span> <span class='ocrx_word' id='word_1_221' title='bbox 641 3331 731 3411; x_wconf 90' lang='lat' dir='ltr'><strong>pollet</strong></span> <span class='ocrx_word' id='word_1_222' title='bbox 744 3333 772 3391; x_wconf 92' lang='lat' dir='ltr'><strong>iu</strong></span> <span class='ocrx_word' id='word_1_223' title='bbox 786 3333 918 3392; x_wconf 87' lang='lat' dir='ltr'><strong>universa</strong></span> <span class='ocrx_word' id='word_1_224' title='bbox 932 3333 1072 3394; x_wconf 87' lang='lat' dir='ltr'><strong>ecclesia:</strong></span> <span class='ocrx_word' id='word_1_225' title='bbox 1090 3328 1244 3396; x_wconf 83' lang='lat' dir='ltr'><strong>Hoereu&#39;co.</strong></span> 
     </span>
    </p>
   </div>
   <div class='ocr_carea' id='block_1_12' title="bbox 180 3499 1244 3671">
    <p class='ocr_par' dir='ltr' id='par_1_13' title="bbox 180 3499 1244 3671">
     <span class='ocr_line' id='line_1_33' title="bbox 180 3499 1244 3583; baseline -0.004 -25"><span class='ocrx_word' id='word_1_226' title='bbox 180 3499 280 3560; x_wconf 75' lang='lat' dir='ltr'><strong>trullo</strong></span> <span class='ocrx_word' id='word_1_227' title='bbox 303 3512 483 3581; x_wconf 87' lang='lat' dir='ltr'><strong>potestate</strong></span> <span class='ocrx_word' id='word_1_228' title='bbox 507 3502 683 3562; x_wconf 88' lang='lat' dir='ltr'><strong>ecciesiae</strong></span> <span class='ocrx_word' id='word_1_229' title='bbox 708 3501 817 3583; x_wconf 87' lang='lat' dir='ltr'><strong>quoad</strong></span> <span class='ocrx_word' id='word_1_230' title='bbox 838 3503 1115 3564; x_wconf 86' lang='lat' dir='ltr'><strong>constituendam</strong></span> <span class='ocrx_word' id='word_1_231' title='bbox 1134 3512 1244 3562; x_wconf 89' lang='lat' dir='ltr'><strong>etsau·</strong></span> 
     </span>
     <span class='ocr_line' id='line_1_34' title="bbox 420 3585 1068 3671; baseline 0.003 -25"><span class='ocrx_word' id='word_1_232' title='bbox 420 3585 578 3648; x_wconf 84' lang='lat' dir='ltr'><strong>ciendam</strong></span> <span class='ocrx_word' id='word_1_233' title='bbox 601 3591 814 3649; x_wconf 87' lang='lat' dir='ltr'><strong>exteriorem</strong></span> <span class='ocrx_word' id='word_1_234' title='bbox 838 3589 1068 3671; x_wconf 81' lang='lat' dir='ltr'><strong>disciplinam.</strong></span> 
     </span>
    </p>
   </div>
   <div class='ocr_carea' id='block_1_13' title="bbox 561 3705 1037 3775">
    <p class='ocr_par' dir='ltr' id='par_1_14' title="bbox 561 3705 1037 3775">
     <span class='ocr_line' id='line_1_35' title="bbox 561 3705 1037 3775; baseline 0.017 -23"><span class='ocrx_word' id='word_1_235' title='bbox 561 3705 638 3759; x_wconf 68' lang='lat' dir='ltr'><strong>Dece.</strong></span> <span class='ocrx_word' id='word_1_236' title='bbox 657 3707 687 3754; x_wconf 81' lang='lat' dir='ltr'><strong>de</strong></span> <span class='ocrx_word' id='word_1_237' title='bbox 697 3707 754 3769; x_wconf 84' lang='lat' dir='ltr'><strong>fide</strong></span> <span class='ocrx_word' id='word_1_238' title='bbox 771 3706 815 3775; x_wconf 57' lang='grc' dir='ltr'><strong>ἧς.</strong></span> <span class='ocrx_word' id='word_1_239' title='bbox 836 3712 875 3758; x_wconf 85' lang='lat' dir='ltr'><strong>te.</strong></span> <span class='ocrx_word' id='word_1_240' title='bbox 896 3714 936 3762; x_wconf 76' lang='lat'><strong>14.</strong></span> <span class='ocrx_word' id='word_1_241' title='bbox 1034 3729 1037 3736; x_wconf 93' lang='lat'>·</span> 
     </span>
    </p>
   </div>
   <div class='ocr_carea' id='block_1_14' title="bbox 235 3801 1244 3966">
    <p class='ocr_par' dir='ltr' id='par_1_15' title="bbox 235 3801 1244 3966">
     <span class='ocr_line' id='line_1_36' title="bbox 320 3801 1243 3884; baseline 0.005 -22"><span class='ocrx_word' id='word_1_242' title='bbox 320 3803 371 3864; x_wconf 84' lang='lat' dir='ltr'><strong>tv.</strong></span> <span class='ocrx_word' id='word_1_243' title='bbox 386 3801 550 3884; x_wconf 89' lang='lat' dir='ltr'><strong>Propositio</strong></span> <span class='ocrx_word' id='word_1_244' title='bbox 564 3809 724 3872; x_wconf 82' lang='lat' dir='ltr'><strong>affirmans:</strong></span> <span class='ocrx_word' id='word_1_245' title='bbox 738 3811 887 3884; x_wconf 76' lang='lat' dir='ltr'><strong>„Abusum</strong></span> <span class='ocrx_word' id='word_1_246' title='bbox 901 3814 965 3874; x_wconf 82' lang='lat' dir='ltr'><strong>iore</strong></span> <span class='ocrx_word' id='word_1_247' title='bbox 974 3807 1151 3874; x_wconf 84' lang='lat' dir='ltr'><strong>auctoritatis</strong></span> <span class='ocrx_word' id='word_1_248' title='bbox 1159 3802 1243 3870; x_wconf 80' lang='lat' dir='ltr'><strong>eccle·</strong></span> 
     </span>
     <span class='ocr_line' id='line_1_37' title="bbox 235 3889 1244 3966; baseline 0.009 -20"><span class='ocrx_word' id='word_1_249' title='bbox 235 3889 295 3948; x_wconf 88' lang='lat' dir='ltr'><strong>siae</strong></span> <span class='ocrx_word' id='word_1_250' title='bbox 314 3889 514 3950; x_wconf 82' lang='lat' dir='ltr'><strong>transferendo</strong></span> <span class='ocrx_word' id='word_1_251' title='bbox 533 3893 610 3952; x_wconf 91' lang='lat' dir='ltr'><strong>iilam</strong></span> <span class='ocrx_word' id='word_1_252' title='bbox 628 3895 703 3955; x_wconf 90' lang='lat' dir='ltr'><strong>ultra</strong></span> <span class='ocrx_word' id='word_1_253' title='bbox 726 3895 829 3960; x_wconf 87' lang='lat' dir='ltr'><strong>limites</strong></span> <span class='ocrx_word' id='word_1_254' title='bbox 853 3895 1002 3962; x_wconf 89' lang='lat' dir='ltr'><strong>doctrinae</strong></span> <span class='ocrx_word' id='word_1_255' title='bbox 1025 3919 1060 3961; x_wconf 89' lang='lat' dir='ltr'><strong>ac</strong></span> <span class='ocrx_word' id='word_1_256' title='bbox 1082 3913 1198 3966; x_wconf 87' lang='lat' dir='ltr'><strong>morum,</strong></span> <span class='ocrx_word' id='word_1_257' title='bbox 1219 3894 1244 3949; x_wconf 75' lang='lat' dir='ltr'><strong>ti</strong></span> 
     </span>
    </p>
   </div>
   <div class='ocr_carea' id='block_1_15' title="bbox 0 0 1331 4336">
    <p class='ocr_par' dir='ltr' id='par_1_16' title="bbox 0 0 1331 4336">
     <span class='ocr_line' id='line_1_38' title="bbox 0 0 1331 4336; baseline 0 0"><span class='ocrx_word' id='word_1_258' title='bbox 0 0 1331 4336; x_wconf 95' lang='lat' dir='ltr'><strong> </strong></span> 
     </span>
    </p>
   </div>
  </div>
 </body>
</html>
