2654 4334
693 43 711 74 X

219 265 298 325 sse
359 263 516 320 aetna
540 261 694 320 surae
722 217 1103 326 constituissem

218 417 249 466 et
270 405 335 465 aliis
357 406 500 485 quibusvis
527 404 714 464 ecelesiarum
742 394 893 482 praelatis,
922 402 1114 480 cuiuscunque
1142 412 1249 477 status,

218 490 339 570 gradus,
364 491 472 550 ordinis
495 501 525 549 et
547 487 695 567 dignitatis
712 489 782 560 sint,
802 498 832 548 et
849 486 959 548 etiamsi
979 486 1173 548 cardinalatus
1190 489 1246 547 bo·

218 595 289 638 nore
311 577 525 657 praefulgeant,
552 587 583 636 ut
606 572 706 634 eadem
728 572 849 634 decreta
876 582 906 632 et
928 583 1035 647 statuta
1056 573 1085 632 iu
1109 573 1250 634 eeclesiis

218 663 290 734 suis,
315 662 476 722 civitatibus
502 671 532 719 et
554 659 737 720 dioecesibus
762 661 790 720 in
813 656 921 718 iudicio
949 669 979 718 et
1001 669 1085 719 extra
1108 657 1247 720 iudicium

218 748 374 827 diligenter
392 748 558 828 absentent,
578 756 608 805 ct
626 765 643 806 a
660 743 780 804 subditis
799 747 916 823 quisque
934 745 1008 816 suis,
1026 741 1064 803 ad
1082 764 1154 823 quos
1173 764 1243 824 quo·

218 833 375 904 undelibet
400 833 540 911 pertinet,
568 830 774 891 inviolabiliter
800 831 909 891 iaciant
935 829 1098 904 observari3
1128 840 1244 890 conua-

218 918 345 978 dictores
368 916 511 997 quoslibet
533 926 563 977 et
581 927 765 978 contumaees
787 935 840 994 per
858 915 1029 987 senmntias,
1054 933 1193 976 censuras
1214 926 1246 976 et

218 1022 327 1083 poenas
346 1003 561 1064 aeclesiasticas
579 1002 665 1062 etiam
684 1003 719 1062 iis
737 1002 806 1080 ipsis
824 1000 951 1062 decretis
970 1011 1122 1061 contentas
1144 1001 1244 1083 appel·

218 1091 324 1148 latione
339 1089 500 1167 postposita
517 1085 746 1166 compescend03
765 1089 899 1146 invocato
914 1086 1011 1157 etiam,
1029 1087 1054 1145 si
1064 1105 1135 1166 opus
1145 1088 1245 1158 luerit,

216 1174 328 1234 brachii
359 1175 516 1233 saecularis
548 1173 665 1234 auxilio.
728 1172 821 1251 lpsnm
852 1191 921 1232 vere
951 1174 1127 1232 carissimum
1156 1172 1248 1240 lilium

217 1270 343 1318 nostrum
366 1261 568 1339 imperatorem
587 1259 724 1330 electum,
750 1267 920 1336 ceterosque
939 1276 1039 1337 reges,
1063 1257 1245 1336 respublicas

109 1410 113 1420 ,
217 1365 251 1404 ae
275 1346 421 1424 principes
440 1343 621 1404 Christianos
640 1362 800 1414 menemus,
824 1355 855 1403 et
869 1362 925 1422 per
946 1345 1059 1402 viscera
1077 1345 1245 1404 misericor·

217 1429 281 1490 diae
305 1429 418 1490 Domini
441 1429 533 1490 nestri
554 1429 619 1490 lesu
643 1429 749 1488 Christi
773 1429 962 1502 obtestamur,
986 1440 1030 1500 ut,
1056 1448 1111 1508 qna
1133 1429 1243 1508 pietate

218 1515 342 1575 coneilio
366 1535 419 1595 per
441 1527 573 1576 oratores
600 1534 668 1576 suos
690 1513 846 1586 affuerunt,
874 1513 975 1576 eadem
993 1516 1101 1593 pietate
1126 1534 1162 1574 ac
1180 1517 1246 1594 pari

216 1600 320 1674 studio,
340 1600 429 1661 divini
447 1600 566 1662 honoris
584 1611 614 1660 et
631 1599 801 1680 populorum
820 1620 935 1660 suerum
953 1600 1052 1662 salutis
1072 1620 1170 1671 causa,
1189 1621 1244 1679 pro

215 1685 293 1746 sedis
311 1706 423 1767 quoque
441 1687 619 1767 apostolicae
638 1696 669 1747 et
685 1704 787 1746 sacrae
806 1684 909 1766 synodi
918 1687 1090 1757 reverentis,
1110 1684 1149 1746 ad
1168 1687 1244 1745 eius·

216 1771 280 1830 dem
308 1773 425 1833 concilii
453 1770 636 1852 exsequenda
663 1782 694 1832 et
725 1771 905 1833 observanda
941 1771 1060 1832 decreta
1092 1771 1243 1851 praelatis,

216 1877 299 1936 quom
318 1878 389 1937 opus
407 1860 505 1930 fuerit,
524 1859 631 1918 auxilie
655 1869 686 1918 et
707 1858 807 1920 levore
826 1875 877 1920 sne
896 1855 1004 1929 adsint,
1023 1876 1117 1937 neque
1136 1855 1242 1918 adver·

167 1954 311 2004 cassantes
329 1963 415 2004 sanae
434 1964 469 2004 ae
487 1945 605 2004 salutari
624 1941 740 2004 concilii
758 1942 909 2004 doctrinae
928 1944 1078 2022 opiniones
1096 1944 1246 2024 apopulis-
1317 1961 1318 1970 ¹

215 2028 333 2088 ditionis
356 2049 424 2090 suae
448 2031 539 2110 recipi
562 2029 743 2109 permittant,
770 2028 822 2092 sed
846 2049 896 2090 eas
918 2029 1031 2110 penitus
1053 2027 1241 2089 interdicant.

212 2112 261 2174 st
282 2114 427 2174 vitandum
451 2125 605 2194 practerea
627 2116 841 2195 perversionem
865 2126 896 2176 et
925 2115 1139 2185 confusionem,
1169 2133 1240 2194 quae

215 2201 285 2258 oriri
302 2212 415 2278 posset,
434 2203 460 2262 si
477 2201 629 2280 unicuique
649 2200 768 2274 liceret,
787 2211 874 2280 prout
891 2203 919 2262 ci
938 2200 1051 2272 liberet,
1071 2202 1101 2260 in
1120 2198 1242 2262 decreta

214 2286 331 2344 concilii
350 2287 569 2348 commentarios
592 2296 623 2348 ct
640 2287 894 2367 interpretationes
912 2306 978 2348 suas
996 2285 1099 2358 edere,
1119 2297 1241 2366 aposto-

213 2371 271 2429 lica
288 2373 461 2432 auctoritate
484 2371 643 2433 inlribcmus
666 2372 809 2444 omnibus,
833 2384 890 2432 tam
909 2371 1116 2434 aeclesiasticis
1138 2392 1242 2452 perso·

133 2455 137 2462 '
212 2458 270 2526 nis,
299 2457 491 2534 cuiuscunque
518 2458 575 2516 sint
596 2454 718 2527 ordinis,
753 2457 926 2520 eenslitienis
948 2468 979 2518 et
1000 2456 1122 2538 gradus,
1143 2479 1243 2538 ,qnam

165 2565 170 2592 ι
212 2541 304 2610 laicis,
325 2541 615 2619 quoeunqucbonore
634 2561 669 2602 ae
688 2553 833 2621 potestate
851 2543 1001 2624 praeditis,
1019 2544 1158 2625 praelatis
1178 2547 1241 2624 qni·

212 2622 277 2686 dem
295 2626 347 2686 sub
370 2625 518 2686 interdicti
541 2628 687 2706 ingressus
710 2630 870 2702 eeclesiae,
893 2629 957 2690 aliis
974 2649 1056 2703 vere,
1075 2631 1239 2710 quicunque
1315 2675 1316 2686 ,

210 2711 332 2782 fuerint,
359 2711 411 2771 sub
439 2713 741 2774 excommunicationis
768 2716 843 2777 latae
870 2717 1030 2776 sententiae
1057 2718 1175 2794 poenis,
1204 2735 1242 2776 ne

211 2798 274 2875 quis
291 2798 353 2858 sine
371 2798 546 2860 auctoritate
565 2811 663 2860 nostra
687 2799 792 2860 audeat
809 2801 884 2862 ullos
902 2802 1140 2872 commentarios,
1160 2802 1240 2879 glos·

210 2903 272 2954 sas,
299 2885 516 2960 annotationes,
543 2886 668 2957 sobolis,
696 2886 818 2948 ullumve
847 2887 961 2946 omnino
989 2888 1239 2968 interpretationis

188 2987 301 3047 ,genus
327 2989 415 3049 super
437 2973 525 3052 ipsius
544 2973 661 3032 concilii
684 2970 811 3032 decretis
834 2992 1002 3053 quoeunque
1025 2969 1110 3032 mode
1136 2971 1238 3044 cdere,

210 3065 260 3114 ant
278 3057 428 3135 quiequam
440 3075 610 3136 quocunqne
630 3058 754 3130 nomine,
774 3060 859 3117 etiam
878 3059 929 3118 snb
948 3068 1101 3138 praetextu
1118 3059 1241 3118 maioris

210 3137 393 3202 decretorum
417 3142 665 3204 corroborationis
687 3154 736 3202 ant
759 3145 967 3216 exsecutionis,
986 3145 1081 3204 aliove
1104 3146 1238 3223 quaesito

209 3226 308 3286 colere
329 3237 466 3288 statuere.
513 3225 545 3288 Si
569 3231 616 3290 cui
634 3249 704 3289 vere
723 3231 752 3288 in
771 3230 813 3288 eis
831 3230 939 3310 aliquid
957 3229 1108 3290 obscurius
1127 3227 1238 3290 dicium

210 3322 240 3372 et
257 3323 392 3373 statutum
409 3314 508 3386 luisse,
527 3333 646 3394 eamque
665 3315 702 3375 eb
722 3334 835 3376 eausam
857 3317 1098 3396 interpretatione
1116 3325 1168 3374 aut
1186 3313 1238 3374 de·
1313 3381 1314 3390 χ

208 3400 318 3460 cisione
337 3398 433 3479 aliqua
455 3419 544 3479 egere
567 3401 660 3466 visum¹
680 3402 780 3474 buerit,
804 3400 943 3466 ascendat
963 3400 1001 3463 ad
1019 3401 1128 3473 leeum,
1153 3420 1239 3482 quem

207 3481 343 3546 Dominus
362 3485 462 3565 elegit,
481 3485 518 3548 ad
535 3485 633 3550 sedem
650 3486 788 3548 videlicet
804 3489 1002 3568 apostolieum,
1021 3488 1145 3547 omniurn
1165 3485 1237 3546 lide·

208 3569 274 3628 lium
292 3571 468 3650 magistram,
488 3574 568 3634 cuins
586 3575 788 3636 auctoritatem
808 3576 893 3639 etiam
912 3576 975 3653 ipsa
993 3571 1237 3653 sanctasynodus

207 3664 265 3714 tam
283 3667 454 3718 reverenter
470 3660 599 3738 agnovit.
639 3659 701 3730 Nes
719 3662 793 3721 enim
813 3659 995 3730 difficultates
1013 3671 1044 3720 et
1062 3669 1236 3720 controver-

207 3740 278 3810 sias,
296 3741 322 3800 si
346 3759 418 3819 quae
437 3762 474 3802 ex
492 3747 535 3804 cis
553 3743 679 3806 decretis
698 3755 779 3806 ortae
797 3747 917 3820 luerint,
941 3746 1025 3806 nobis
1042 3742 1236 3808 declarandas
1312 3795 1313 3800 ,

207 3832 238 3880 et
263 3821 453 3896 decidendas,
490 3827 723 3906 quemadmodum
750 3833 812 3909 ipsa
839 3852 951 3912 queque
979 3841 1080 3892 saneta
1106 3829 1236 3911 synodus

208 3905 347 3986 decrerit,
368 3927 560 3988 reservamus,
581 3915 688 3992 parati,
711 3917 786 3974 sieut
809 3937 844 3976 ea
868 3917 904 3976 de
928 3917 1010 3978 nobis
1034 3917 1137 3978 merito
1163 3935 1235 3976 eon·
