2652 4330
194 271 250 330 11
345 261 615 323 SESSIOXW,
643 257 703 316 DE
730 248 1077 314 rutulantum,

196 411 254 470 le'm
272 407 508 469 sacerdotissae
532 422 596 464 esse
619 411 715 462 aetum
736 395 915 467 iudicialem,
941 391 994 454 sed
1018 391 1121 452 nudum
1145 391 1229 451 mini·

198 483 543 574 sterium‘pronunciandi
561 499 590 550 et
608 483 776 550 declarandi
794 483 915 546 remissa
933 499 996 542 esse
1015 487 1139 560 peccata
1157 496 1229 536 eon-

199 581 307 652 limati,
334 578 419 640 modo
438 587 546 638 tantum
567 573 669 636 credat
685 591 717 632 se
736 589 801 632 esse
820 568 993 638 ahsolutum,
1022 575 1071 624 aut
1088 561 1229 625 sacerdos

199 687 258 728 non
276 666 370 737 serio,
393 662 446 725 sed
463 664 531 724 ioco
550 661 695 731 absolvat:
719 667 768 718 aut
786 654 892 716 dixerit
910 673 966 712 non
986 652 1095 732 requiri
1114 651 1229 712 confes·

197 755 308 814 sionem
327 749 517 831 poenitentis,
542 757 573 806 ut
590 745 729 806 sacerdos
747 746 837 823 ipsum
856 740 1007 800 absolvere
1025 738 1132 817 possit:
1161 755 1230 796 ana-

197 837 295 898 thema
311 838 358 896 sit.

285 919 355 980 Cau.
373 920 410 990 X.
456 917 488 978 Si
507 919 570 996 quis
589 917 696 978 dixerit
709 919 752 991 ¹),
780 910 962 982 sacerdotes,
992 912 1039 990 qui
1058 911 1087 968 in
1106 920 1230 988 peccato

198 1007 313 1068 mortali
332 1015 411 1076 sunt,
438 1013 610 1083 potestatem
629 1000 739 1080 ligandi
757 1012 788 1061 et
804 997 935 1060 solvendi
953 1016 1010 1056 non
1028 996 1154 1068 hahere:
1183 1004 1233 1056 aut

112 1117 136 1164 a
185 1089 257 1152 lnon
275 1092 353 1154 s'olos
371 1088 540 1150 sacerdotes
561 1107 625 1148 esse
643 1089 788 1147 ministros
806 1083 1009 1154 absolutionis,
1028 1081 1081 1142 sed
1099 1082 1233 1142 omnihus

188 1157 229 1238 ‘et
247 1177 366 1255 singulis
385 1176 492 1236 Christi
511 1173 643 1236 fidelihus
661 1192 725 1234 esse
745 1172 905 1246 dictum²):
936 1171 1133 1247 Quaecunque
1153 1169 1233 1247 lr'gu·

199 1266 303 1324 aert'tr's
316 1283 405 1342 super
419 1273 544 1332 terram,
564 1268 652 1320 eruut
665 1262 762 1338 ligata
777 1269 807 1317 et
824 1261 854 1317 iu
873 1258 972 1327 coelo,
991 1265 1024 1315 et
1039 1267 1234 1333 quaeeunque

199 1351 349 1410 soluert'tti·
377 1366 468 1426 super
495 1357 619 1417 terrum,
652 1355 740 1406 eruat
764 1345 863 1404 solutu
890 1351 921 1400 et
947 1343 978 1401 iu
1005 1340 1107 1415 coelo,-
1142 1351 1175 1400 et
1186 1342 1232 1416 ³):

202 1437 330 1512 Quorum
348 1435 521 1494 remiseritis
536 1433 678 1510 peceato,
705 1432 896 1490 remittuntur
913 1429 970 1497 eia,
995 1435 1027 1486 et
1043 1447 1167 1506 quorum
1184 1447 1234 1489 re·
1307 1489 1308 1494 ,

201 1521 363 1591 mouentis,
395 1527 515 1578 retenta
542 1526 623 1589 ruat,
652 1535 770 1596 quorum
797 1514 950 1577 verhorsm
976 1515 1081 1574 virtute
1110 1513 1235 1594 quilibet

200 1605 351 1666 absolvere
377 1606 469 1684 possit
495 1614 630 1683 peccata,
657 1603 773 1682 puhlica
799 1599 913 1680 quidem
939 1619 993 1681 per
1015 1601 1233 1680 correptionem

200 1691 353 1761 duntaxat,
381 1692 405 1749 si
431 1701 582 1769 correptus
599 1690 793 1769 acquieverit,
820 1696 935 1748 secreta
953 1706 1024 1747 vero
1041 1705 1096 1766 per
1113 1697 1233 1768 sponta-

201 1796 284 1836 neam
305 1777 530 1837 confessionem:
554 1776 706 1836 anathema
723 1777 770 1835 sit.

217 1922 220 1928 ,
288 1862 357 1923 Cau.
376 1862 427 1922 Xl.
474 1860 506 1921 Si
524 1865 587 1942 quis
606 1860 714 1922 dixerit
725 1865 770 1936 ⁴),
799 1863 953 1941 episcopos
974 1881 1031 1920 non
1054 1859 1165 1920 hahere
1189 1862 1232 1919 ius
1312 1933 1313 1936 Ἴ

149 1968 188 2010 sna
202 1948 369 2010 reservandi
397 1949 451 2010 sihi
478 1969 575 2020 casus,
604 1951 660 2009 nisi
685 1947 779 2028 quoad
802 1957 949 2007 externam
973 1948 1117 2026 politiam,
1147 1958 1232 2026 atque
1313 2021 1314 2024 Ἴ

201 2035 268 2096 ideo
288 2055 403 2096 casuum
421 2037 648 2095 reservationem
667 2055 724 2094 non
742 2034 912 2114 prohibere,
941 2053 1000 2112 quo
1020 2025 1111 2092 miuus
1134 2052 1234 2093 sacer·

141 2170 146 2184 .
202 2121 255 2181 dos
272 2141 290 2182 a
306 2123 462 2182 reservatis
479 2140 549 2181 vere
567 2121 710 2180 absolvat:
734 2121 886 2180 anathema
904 2121 950 2180 sit.

59 2203 62 2211 ’
288 2205 359 2266 Cau.
376 2203 443 2266 xll.
489 2204 522 2265 si
541 2207 602 2285 quis
621 2205 786 2280 dixeritl),
813 2216 901 2264 totam
920 2225 1042 2284 poenam
1061 2206 1145 2264 simul
1169 2225 1234 2264 cum

180 2293 288 2372 :culpa
309 2292 417 2352 remitti
440 2309 554 2371 semper
577 2291 689 2364 allec,
706 2292 1001 2370 satisfactionemque
1024 2292 1250 2371 poenitentium-

181 2373 260 2496 qnon
283 2398 346 2439 esse
370 2378 454 2440 aliam
478 2397 561 2457 quam
580 2376 679 2449 fldem,
708 2395 764 2457 qua
780 2376 999 2457 apprehendunt
1016 2377 1161 2438 Christum
1179 2397 1233 2457 pro
1314 2385 1316 2408 ³

202 2465 245 2524 eis
263 2463 454 2524 satisfecisse:
477 2463 629 2524 anathema
647 2465 694 2524 sit.
1053 2465 1058 2472 ‘

288 2548 358 2608 Cuv.
376 2546 456 2608 Xlll.
502 2546 614 2628 Siquis
633 2549 739 2609 dixerit
751 2549 795 2625 ⁶),
815 2569 867 2628 pro
886 2551 1028 2629 peccatis,
1048 2546 1142 2628 quoad
1162 2569 1236 2628 poe·

202 2655 267 2696 nam
294 2635 495 2713 temporalem,
522 2637 636 2694 minime
663 2635 727 2695 Deo
754 2653 808 2714 per
834 2635 942 2694 Christi
969 2635 1072 2696 merita
1096 2634 1236 2696 satisfieri

201 2721 304 2801 poenis
322 2719 358 2780 ah
381 2740 417 2780 eo
440 2721 570 2792 inllietis,
599 2731 630 2780 et
651 2724 797 2800 patienter
815 2722 946 2780 toleratis
969 2721 1014 2780 vel
1037 2740 1055 2780 a
1077 2720 1235 2782 sacerdote

202 2808 351 2878 iniunctis,
370 2805 421 2866 sed
440 2825 533 2885 neque
552 2815 655 2887 sponte
673 2808 829 2886 susceptis,
849 2817 882 2865 ut
894 2809 1023 2878 ieiuniis,
1043 2806 1234 2878 orationihus,

203 2893 409 2972 eleemosynis,
428 2892 473 2951 vel
493 2892 557 2952 aliis
575 2894 661 2952 etiam
679 2894 795 2972 pietatis
809 2894 957 2972 operihtrs,
977 2904 1062 2973 atque
1076 2892 1143 2952 ideo
1159 2896 1237 2973 opti·

203 2999 277 3041 mem
294 2979 500 3059 poenitentiam
519 2998 584 3038 esse
603 2989 713 3038 tautum
732 2998 833 3038 novam
851 2981 952 3038 vitam:
972 2979 1124 3040 anathema
1142 2980 1189 3039 sit.

289 3065 359 3124 Cau.
377 3062 447 3124 XIV
448 3106 457 3122 .
502 3062 610 3144 Siquis
625 3063 784 3138 dixeritl),
803 3066 1028 3136 satisfactiones,
1048 3065 1149 3144 quihus
1164 3084 1236 3144 poe·

204 3152 329 3210 nitentes
343 3169 397 3228 per
411 3149 554 3210 Christum
569 3149 662 3210 lesum
677 3161 800 3231 peccata
813 3149 969 3222 redimunt,
989 3171 1046 3209 aon
1060 3168 1125 3210 esse
1141 3152 1235 3210 cultus

203 3235 274 3307 Dei,
293 3234 346 3296 sed
363 3233 535 3296 traditiones
553 3235 711 3307 hominum,
730 3235 890 3296 doctrinam
909 3235 1072 3314 degrada,
1092 3246 1122 3296 et
1134 3255 1235 3297 verum

203 3320 260 3382 Dei
279 3323 398 3392 cultum,
427 3332 512 3402 atque
528 3323 622 3401 ipsum
639 3322 810 3382 heneficium
829 3323 929 3401 mortis
947 3323 1053 3382 Christi
1077 3323 1236 3382 obscuran-

204 3417 262 3466 tes:
291 3406 442 3468 anathema
459 3409 504 3467 sit.
536 3461 539 3467 ι

291 3490 361 3550 Cau.
379 3489 443 3551 XV.
490 3491 521 3551 Si
540 3495 602 3573 quis
620 3492 727 3553 dixerit
739 3495 784 3568 ⁸),
804 3495 900 3555 claves
914 3497 1057 3556 ecelesiae
1072 3513 1136 3556 esse
1152 3494 1235 3556 datas

205 3585 314 3638 tanmm
338 3574 374 3634 ad
397 3578 578 3651 solvendum,
607 3599 664 3639 non
684 3580 824 3640 etiamad
844 3581 1002 3660 ligandum,
1030 3591 1060 3641 et
1077 3592 1235 3661 propterea

205 3660 390 3731 sacerdotes,
414 3659 479 3724 dum
498 3666 646 3745 imponunt
662 3685 770 3746 poenas
790 3668 1004 3740 confitentibus,
1024 3687 1112 3746 agere
1132 3678 1234 3728 contra

259 3843 336 3893 Seu.
349 3846 417 3891 XIV.
445 3849 466 3901 l)
477 3847 508 3891 cf.
518 3861 539 3892 e.
548 3853 567 3892 h.
579 3853 599 3894 6.
610 3851 641 3896 ih.
652 3874 677 3886 -
694 3854 718 3905 2)
727 3850 810 3897 matth.
820 3853 888 3897 xv1.
899 3855 931 3896 te.
941 3852 1035 3898 xv111.
1047 3856 1078 3896 ta.
1088 3875 1114 3886 -
1131 3854 1154 3906 3)
1168 3850 1234 3893 lota.

206 3893 265 3939 XX.
274 3899 308 3941 23.
322 3921 348 3932 -
364 3902 386 3949 4)
396 3897 427 3942 ef.
438 3913 466 3943 sn
483 3914 503 3944 r.
514 3901 542 3944 da
552 3916 621 3957 poan.
631 3917 652 3947 e.
662 3906 683 3948 1.
696 3925 722 3938 -
742 3906 764 3956 ὅ)
774 3903 805 3948 ef.
816 3905 847 3949 ib.
857 3920 877 3950 c.
888 3909 908 3950 8.
922 3929 948 3940 —
970 3908 993 3961 Β)
1003 3904 1034 3949 ef.
1045 3905 1075 3948 ih.
1086 3917 1106 3947 c.
1117 3907 1136 3948 8,
1149 3915 1199 3958 seq.
1209 3924 1236 3934 -

206 3947 230 4003 7)
242 3945 271 3990 cf.
282 3947 343 3995 ἰδία.
357 3955 408 4034 a:
423 3955 445 4005 8)
467 3913 486 3994 l.
497 3952 527 3997 ih.
539 3967 558 3997 c.
570 3958 589 3997 l.
599 3959 661 3998 extr.
672 3959 697 4000 et
706 3959 756 3999 ert.
768 3960 830 4002 extr.
