2648 4336
234 247 314 306 aes
395 271 401 282 -
546 242 675 296 naun.
695 213 966 297 sin-oiston.

234 384 342 457 nendo,
362 395 392 445 et
409 384 486 444 elata
502 403 574 443 voce
593 381 782 462 proferendo,
807 417 847 427 -
866 382 946 460 quasi
964 378 1153 458 vigensordo
1176 380 1261 439 litur-

234 473 298 549 giae
317 471 352 530 ab
371 470 497 530 ecclesia
512 465 661 550 beceptus,
681 478 711 527 et
727 467 864 547 probatus
881 467 975 548 aliqua
993 476 1128 545 exparte
1147 483 1260 524 manm-

232 567 278 617 sct
299 575 336 616 ex
354 555 496 615 oblivione
515 554 732 635 principiorum,
757 552 856 630 quibus
874 551 923 610 illa
944 552 1008 628 regi
1030 549 1131 610 debet:
1162 552 1261 609 Temo·

231 644 330 713 rara'u,
351 643 470 719 piarum
489 642 603 700 aurium
620 635 780 718 offensiuu,
807 640 837 696 in
861 638 1013 696 ecclesium
1036 637 1258 708 contumeliosa,

233 727 336 792 favens
353 727 569 787 baereticorum
588 726 617 783 in
637 743 699 782 eum
719 723 867 782 convaciis.

507 893 554 954 lie
578 892 701 953 ordine
724 894 979 972 poeniteutiae.

625 1014 665 1060 De
678 1015 776 1074 poenit.
794 1010 820 1078 §.
839 1015 864 1060 i.

317 1115 452 1176 XXXIV.
475 1115 641 1177 Declaratio
660 1112 777 1196 synodi,
797 1135 861 1193 qua,
880 1124 1028 1193 postquam
1045 1113 1198 1192 praemisit
1216 1132 1260 1172 or·

177 1213 218 1256 stu
233 1202 326 1262 dinem
351 1203 545 1281 poenitentiae
569 1202 725 1262 canonicae
749 1201 790 1260 sic
814 1197 850 1258 ad
872 1198 1076 1280 Apostolorum
1099 1197 1258 1277 exemplum

232 1288 267 1348 ab
287 1288 413 1348 ecclesia
431 1297 565 1348 statutum
582 1289 684 1358 luisse,
708 1295 740 1344 ut
757 1295 834 1346 esset
858 1285 1012 1344 communis
1036 1281 1185 1354 omnibus,
1209 1301 1258 1342 nec

231 1384 339 1434 tantum
357 1393 409 1453 pro
433 1373 579 1452 punitione
604 1374 719 1451 culpae,
743 1369 794 1430 sed
816 1371 971 1450 praecipue
994 1388 1046 1448 pro
1070 1367 1257 1447 dispositione

231 1458 267 1519 ad
287 1461 421 1536 gratiam,
446 1456 556 1516 subdit:
579 1477 631 1528 „se
650 1458 679 1515 iu
698 1455 798 1515 ordine
817 1456 866 1514 illo
886 1455 1006 1514 mirabili
1026 1464 1056 1513 et
1073 1464 1199 1532 augusto
1218 1464 1258 1511 to·
1307 1477 1308 1490 ¹

231 1555 288 1604 um
307 1562 466 1621 agnoscere
486 1540 652 1620 dignitatem
671 1541 843 1600 sacramenti
860 1538 933 1599 adeo
953 1541 1120 1610 necessarii,
1140 1537 1258 1598 liberam

231 1650 249 1689 a
266 1628 477 1699 subtilitatibus,
497 1647 568 1707 quae
584 1629 637 1707 ipsi
652 1625 774 1686 decursu
789 1626 925 1704 temporis
939 1622 1090 1684 adiunctae
1105 1631 1207 1695 sunt,“
1220 1656 1258 1667 -

230 1716 310 1792 quasi
333 1711 552 1792 perordinem,
577 1733 632 1792 quo
655 1714 716 1772 sine
739 1722 858 1790 peraeto
882 1711 1038 1769 canonicae
1061 1709 1256 1789 poenitentiae

232 1818 317 1857 cursu
334 1798 390 1856 boe
409 1808 616 1858 sacramentum
635 1817 689 1876 per
707 1808 794 1855 totam
813 1796 964 1855 ecelesiam
981 1793 1178 1854 administrari
1193 1814 1257 1854 oon·

231 1883 332 1954 suevit,
351 1881 426 1940 illius
444 1883 545 1942 luisset
562 1882 686 1960 dignitas
701 1883 854 1941 imminuta:
876 1881 1053 1952 Temeraria,
1068 1881 1253 1950 scandaloso,

230 1969 374 2028 inducens
388 1970 418 2026 in
438 1977 631 2045 contemptum
650 1968 807 2048 dagnituttb
824 1967 1012 2037 sacramenti,
1027 1973 1123 2043 prout
1133 1985 1198 2042 per
1214 1984 1255 2022 cc·
1307 1981 1308 2006 ³

233 2053 351 2112 alesiam
371 2061 460 2113 totam
478 2054 629 2112 consueuit
647 2053 859 2121 administrari,
875 2051 1017 2133 ccclesiae
1031 2051 1091 2127 apsi
1102 2051 1253 2112 cutoriam.
1307 2099 1308 2107 ,

571 2238 723 2299 Deposuit.
743 2235 769 2302 §.
787 2239 828 2286 to.
847 2252 870 2285 n.
889 2239 914 2284 4.

316 2339 435 2400 XXXV.
462 2340 625 2419 Propositio
648 2341 692 2400 bis
713 2340 809 2400 verbis
832 2349 988 2419 concepta:
1017 2337 1071 2410 „Si
1095 2341 1204 2399 caritas
1229 2341 1252 2397 iu

179 2471 182 2476 ,
230 2426 371 2506 principio
390 2444 504 2504 semper
522 2423 623 2484 debilis
642 2435 699 2504 est,
724 2423 759 2482 de
778 2426 825 2483 via
847 2422 991 2483 ordinaria
1013 2423 1050 2483 ad
1073 2423 1251 2486 obtinendum

230 2519 410 2586 augmentum
433 2509 514 2567 buius
544 2509 671 2568 caritatis
700 2519 828 2587 oportet,
857 2519 888 2568 ut
913 2507 1049 2568 sacerdos
1075 2509 1251 2588 praecedere

229 2593 319 2653 iaciat
346 2613 397 2652 eos
424 2603 504 2652 aetus
532 2593 746 2652 humilitatiouis
774 2605 804 2653 et
829 2595 1038 2674 poeniteutiae,
1067 2597 1115 2673 qui
1143 2595 1254 2654 luerunt

231 2680 307 2738 omni
330 2688 425 2739 aetate
449 2678 484 2737 ab
507 2678 632 2738 eeclesia
656 2677 859 2752 commendati3
883 2678 1017 2758 redigere
1040 2679 1093 2738 bos
1116 2690 1199 2740 actus
1220 2679 1251 2736 ad

229 2763 336 2846 paucas
355 2765 515 2836 orationes,
539 2763 642 2823 autad
660 2763 775 2844 aliquod
799 2765 933 2824 ieiunium
956 2766 1098 2844 postiam
1122 2765 1248 2824 collatam

230 2850 438 2909 absolutionem
456 2848 569 2909 videtur
586 2853 680 2928 potius
698 2850 845 2909 materiale
869 2847 1040 2909 desiderium
1064 2847 1249 2909 conservandi

229 2935 295 2995 buic
322 2945 501 2995 sacramento
528 2934 630 2994 nudum
658 2955 761 2994 nomen
787 2936 995 3014 poeniteutiae,
1023 2955 1104 3014 quam
1133 2933 1251 2994 medium

229 3020 412 3080 illuminatum
436 3031 466 3080 et
488 3031 581 3099 aptum
605 3019 641 3079 ad
663 3020 823 3098 augendum
845 3020 922 3080 illum
946 3021 1089 3079 lervorem
1115 3021 1248 3087 caritatis,

230 3108 275 3184 qui
295 3105 382 3166 debet
399 3104 577 3184 praecedere
596 3105 817 3178 absolutionem
837 3106 922 3182 longe
941 3104 1053 3184 quidem
1072 3105 1204 3165 absumus
1217 3104 1248 3162 ab

228 3189 415 3270 improbanda
433 3192 515 3271 praxi
533 3187 697 3270 imponendi
715 3191 906 3270 poenitentias
924 3192 1009 3250 etiam
1028 3201 1094 3268 post
1117 3190 1251 3250 absoluti·

229 3292 311 3334 onem
335 3273 542 3355 adimplendas3
571 3276 595 3334 si
619 3278 712 3336 omnia
736 3287 832 3336 nostra
856 3275 931 3334 bona
955 3295 1043 3356 opera
1065 3295 1180 3355 semper
1203 3271 1249 3333 ad·

227 3361 339 3420 iunctos
354 3361 460 3420 babent
474 3370 586 3419 nostros
602 3359 741 3433 defectus,
762 3371 866 3440 quanto
885 3362 975 3438 magis
992 3361 1088 3419 vereri
1107 3359 1248 3428 debemus,
1306 3385 1307 3398 ÷

227 3464 263 3502 ne
278 3446 412 3525 plurimas
430 3446 662 3523 imperfectiones
681 3445 877 3507 admiserimus
891 3447 918 3504 iu
934 3445 1103 3505 difficillimo
1118 3457 1148 3506 et
1158 3445 1246 3523 magni

226 3531 361 3588 momenti
384 3548 472 3610 opere
496 3541 611 3590 nostrae
633 3532 915 3602 reconciliationis,“
939 3566 975 3576 —
1002 3541 1140 3610 quatenus
1163 3529 1248 3590 innuit

226 3614 426 3690 poenitentias,
447 3635 518 3693 quae
538 3615 719 3695 imponuntur
736 3614 934 3698 adimplendae
953 3627 1018 3694 post
1031 3616 1244 3682 absolutionem·

226 3696 396 3772 spectandas
414 3702 508 3776 potius
527 3719 591 3760 esse
608 3703 688 3762 velut
704 3704 929 3782 supplementum
947 3721 999 3780 pro
1019 3700 1181 3761 defectibus
1196 3696 1245 3758 ad·

226 3779 317 3836 missis
336 3783 363 3838 in
383 3799 471 3859 opere
490 3796 606 3845 nostrae
624 3789 882 3857 reconciliationis,
908 3805 989 3864 quam
1007 3796 1039 3843 ut
1057 3786 1243 3864 poenitentias

227 3879 294 3922 vere
321 3868 542 3926 sacramentales
569 3881 598 3928 et
625 3874 830 3933 satisfactorias
857 3890 910 3951 pro
939 3872 1066 3951 peccatis
1096 3869 1245 3931 confessis:
