2654 4330
223 253 303 314 100
404 251 568 309 sessio
586 251 696 306 xxtv..
721 249 1062 306 uererentur.

204 439 206 448 .
225 394 335 454 etiarnsi
354 411 422 452 cure
439 393 582 454 ecclcsiae
599 391 646 451 rel
663 391 802 470 episcopo
818 387 982 450 incumbere
1000 386 1123 460 dicatur,
1142 401 1172 449 et
1188 411 1242 468 pec
1316 405 1318 466 j

226 497 308 538 uuum
326 478 371 538 vel
388 477 485 557 plures
507 476 732 546 administretur,
755 475 841 534 etiam
860 475 889 533 in
907 475 1039 542 ecclesiis
1057 475 1242 553 patrimonia·

205 553 312 636 dibus,
330 583 380 622 seu
403 562 556 641 receptivis
579 561 760 640 nuncupatis,
788 560 816 618 in
840 558 939 638 quibus
963 559 1111 618 cousuevit
1128 561 1242 638 episco-

224 669 276 728 pus
299 649 347 709 uui
369 647 415 707 vel
438 647 564 726 pluribus
587 664 682 704 curam
705 643 858 703 animarum
880 641 966 715 darc,
989 663 1061 722 ques
1083 663 1182 705 omncs
1205 643 1241 703 ad

172 751 212 792 aas
225 733 299 793 inira
317 734 451 811 scriptum
470 748 588 791 examen
607 725 707 789 teneri
718 727 833 787 mandat
843 730 880 802 ¹),
898 747 952 808 per
969 728 1075 786 obitum
1092 729 1243 806 velresig·

224 820 386 888 nationem,
405 817 491 876 etiarn
509 815 536 874 in
556 815 649 886 curia,
667 833 718 872 seu
736 815 820 872 aliter
838 810 1092 892 quomodocunque
1111 815 1243 891 contige·

224 904 276 974 rit,
299 903 384 962 etiem
407 900 431 958 si
457 900 518 978 ipsa
546 898 720 978 parochialis
747 897 874 957 ecclesia
899 907 1045 956 reservata
1066 899 1113 956 vel
1136 899 1242 958 allecta

223 986 313 1048 luerit
336 984 512 1064 generaliter
538 983 583 1042 vel
610 983 792 1061 specialiter,
820 983 904 1042 ctiam
931 981 1032 1060 vigore
1058 980 1161 1041 indulti
1191 1003 1244 1042 scu

222 1071 366 1152 privilegii
384 1071 412 1127 in
430 1067 557 1128 favorem
579 1077 696 1127 sanctu
714 1066 860 1126 Romanae
882 1065 1024 1126 ccclesiae
1044 1065 1243 1138 cardinalium,

224 1173 276 1214 seu
292 1152 424 1214 abbatum
441 1153 489 1213 vei
507 1153 709 1232 capitulorum:
729 1150 834 1211 debeat
851 1152 1001 1230 episcopus
1019 1153 1124 1223 statim,
1144 1151 1243 1210 habita

225 1241 328 1300 notitia
344 1237 503 1300 vacationis
521 1237 678 1308 ccclesiae,
697 1237 721 1295 si
739 1257 810 1315 opus
827 1237 928 1306 inerit,
947 1234 1080 1295 idoneum
1098 1237 1128 1295 in
1146 1257 1183 1296 ea
1199 1239 1245 1295 vi-

226 1325 333 1384 carium
357 1343 420 1383 cum
444 1341 571 1400 congrua
593 1323 654 1380 eius
677 1321 796 1380 arbitrio
820 1321 959 1380 iructuurn
984 1321 1124 1399 portionis
1151 1323 1245 1399 assig·
1317 1359 1318 1380 r

226 1411 340 1468 natione
360 1408 549 1478 constituere,
573 1407 620 1485 qui
640 1425 729 1464 onera
747 1407 835 1484 ipsius
853 1405 995 1465 ecciesiae
1019 1407 1170 1477 sustineat,
1191 1403 1243 1463 do·
1317 1397 1318 1410 ¹

225 1513 280 1554 nec
304 1494 331 1552 ei
350 1489 386 1552 de
404 1500 520 1551 rectore
544 1489 737 1569 provideatur.
782 1489 872 1549 Porro
896 1489 1061 1568 episcopus,
1084 1502 1115 1550 et
1133 1491 1182 1569 qui
1200 1493 1245 1548 ius

222 1587 392 1659 patronatus
410 1575 510 1648 babet,
529 1575 603 1634 intra
622 1574 721 1634 decem
740 1573 815 1646 dics,
833 1575 879 1633 vel
898 1573 974 1634 aliud
992 1585 1102 1652 tempus
1125 1575 1161 1634 ab
1182 1577 1243 1655 epi-

224 1683 314 1742 scopo
332 1659 594 1742 praescribendum,
617 1659 737 1720 idoneos
755 1660 863 1740 aliquot
881 1659 1004 1719 ciericos
1026 1658 1062 1718 ad
1084 1660 1242 1738 regendam

225 1749 377 1807 ecclesiam
397 1766 493 1805 coram
504 1744 671 1823 deputandis
686 1743 925 1804 examinatoribus
935 1746 1070 1804 nominet.
1105 1743 1241 1805 Liberum

225 1833 263 1890 sit
279 1842 373 1890 tamen
392 1832 477 1890 ctiam
495 1830 569 1902 aliis,
588 1830 635 1910 qui
652 1831 763 1910 aliquos
781 1827 817 1889 ad
835 1827 864 1887 id
882 1839 964 1908 aptos
982 1831 1122 1901 noverint,
1142 1849 1243 1890 eorum

225 1917 339 1974 nomina
357 1914 481 1988 delcrre,
501 1925 532 1974 ut
549 1917 639 1994 possit
656 1925 758 1994 postca
776 1912 811 1972 de
831 1913 982 1973 cuiuslibet
992 1922 1097 1987 aetate,
1116 1916 1244 1974 moribus

169 1997 171 2002 ⁸
226 2011 256 2059 et
282 1999 450 2060 sufficientia
477 2001 539 2059 lieri
567 1998 689 2080 diligens
715 1999 869 2078 inquisitio.
914 1998 1001 2057 Etsi
1029 2001 1167 2079 episcopo
1197 2015 1242 2062 aut

173 2125 176 2128 -
223 2084 334 2165 synodo
356 2085 524 2164 provinciali
546 2105 599 2164 pro
622 2084 748 2162 regionis
770 2101 849 2144 mere
875 2083 1019 2143 videbitur
1040 2086 1131 2163 magis
1153 2105 1244 2164 expe·

225 2169 302 2240 dire,
321 2190 374 2249 per
391 2168 515 2230 edictum
534 2161 619 2228 eliani
637 2169 779 2249 publicum
798 2180 937 2229 vocentur
955 2171 1000 2248 qui
1018 2169 1116 2228 volent
1134 2172 1243 2230 exauri-

225 2257 296 2316 nari.
340 2254 496 2316 Transaeto
515 2256 669 2314 constituto
680 2263 809 2333 tempore
828 2274 936 2325 omues,
956 2255 1001 2334 qui
1018 2252 1157 2333 descripti
1177 2257 1241 2314 fue·

224 2343 293 2412 rint,
317 2341 515 2400 examinentur
528 2339 571 2398 ab
594 2340 731 2418 episcopo
741 2343 785 2414 ²),
812 2341 872 2399 sive
894 2358 929 2398 ec
953 2337 1088 2418 impedito
1115 2341 1151 2398 ab
1181 2343 1243 2400 eius

225 2427 333 2484 vicario
360 2425 489 2502 generali
517 2434 601 2502 atque
620 2424 655 2482 ab
673 2424 737 2482 aliis
760 2423 998 2483 examinatoribus
1021 2443 1078 2482 non
1095 2427 1242 2502 pauciori·
1316 2495 1317 2500 η

223 2510 276 2566 bus
295 2527 375 2585 quam
394 2507 494 2580 tribus,
513 2526 629 2586 quorum
647 2509 731 2579 votis,
750 2510 774 2566 si
792 2529 876 2588 pares
894 2518 942 2567 aut
955 2509 1114 2587 singulares
1123 2509 1241 2580 inerint,
1316 2513 1317 2588 l

225 2589 367 2651 accedere
377 2593 467 2670 possit
484 2591 634 2670 episcopus
651 2592 697 2650 vel
714 2594 848 2666 vicarius,
867 2592 966 2672 quibus
984 2595 1073 2670 magis
1085 2592 1242 2653 videbitur.

224 2675 442 2736 Exarninatores
464 2685 557 2735 autern
579 2677 697 2755 siugulis
724 2679 805 2750 annis
827 2679 855 2736 in
874 2677 1046 2738 dioecesana
1069 2677 1182 2758 synodo
1206 2680 1243 2738 ab

119 2779 121 2785 ·
224 2762 361 2840 episcopo
379 2761 424 2820 vei
444 2761 504 2820 eius
521 2762 630 2820 vicario
649 2760 686 2820 ad
704 2762 793 2822 minus
812 2783 863 2822 scs
880 2774 1088 2842 proponantur,
1108 2766 1155 2842 qui
1174 2784 1242 2843 syn-

225 2845 281 2906 odo
309 2845 499 2918 satisfaciant,
536 2856 567 2905 et
592 2844 628 2905 ab
652 2867 686 2907 ea
708 2846 874 2926 probentur.
930 2845 1168 2926 Advenienteque
1192 2869 1243 2908 va-

224 2933 338 2992 catione
358 2931 508 2992 cuiuslibct
525 2929 669 2992 ecciesiae
687 2943 746 2992 tres
763 2951 802 3006 cx
819 2933 875 2991 illis
893 2933 983 3010 eligat
999 2934 1164 3012 episcopus,
1195 2939 1242 3013 qui

224 3037 285 3078 cum
305 3034 340 3076 eo
359 3035 478 3077 examen
495 3016 659 3096 perficiant,
683 3016 805 3097 indeque
823 3015 996 3076 succedente
1014 3018 1070 3076 alia
1088 3019 1242 3077 vacatione
1265 3073 1272 3087 ,

223 3112 273 3160 ant
291 3098 419 3174 eosdem,
443 3102 588 3161 autalios
606 3113 678 3174 tres,
702 3122 772 3180 quos
790 3102 935 3172 maluerit,
955 3122 991 3161 ex
1008 3101 1166 3182 praedictis
1184 3105 1243 3162 iliis

223 3204 275 3245 sex
293 3186 390 3265 eligat.
435 3184 500 3245 Sint
515 3205 586 3246 vero
604 3187 634 3246 tt
652 3188 861 3247 examinatores
874 3187 1012 3264 magistri,
1031 3205 1082 3246 seu
1093 3187 1243 3258 doctores,

173 3295 183 3310 ‘
223 3281 272 3330 aut
289 3271 428 3331 licentiati
450 3273 479 3329 iu
502 3271 649 3349 theologia
671 3283 721 3331 aut
737 3273 799 3330 iure
818 3272 973 3343 canonico,
996 3272 1042 3331 vel
1065 3272 1115 3332 alii
1139 3273 1241 3332 clerici

223 3375 273 3417 seu
291 3356 453 3435 regulares,
477 3356 564 3416 etiam
587 3375 625 3415 ex
646 3355 746 3417 ordine
769 3356 987 3416 mendicantium
1005 3358 1159 3416 autetiam
1176 3376 1242 3415 sae-

170 3443 350 3512 seaculares,
369 3442 416 3519 qui
438 3436 475 3500 ad
498 3439 527 3500 id
544 3439 714 3500 videbuntur
731 3442 820 3520 magis
838 3439 949 3514 idonei3
974 3443 1123 3520 iurentque
1141 3460 1243 3500 omnes
1315 3491 1316 3496 ,

224 3524 260 3585 ad
287 3537 385 3585 sancta
411 3525 466 3585 Dei
493 3525 660 3603 evangelia,
687 3545 718 3585 sc
745 3544 911 3607 quacunque
942 3527 1062 3586 bumana
1084 3525 1241 3585 allectione
1315 3569 1316 3584 .

223 3610 383 3692 postposita
401 3609 525 3670 fideliter
543 3629 641 3670 munus
659 3621 854 3671 exsecuturos.
899 3611 1089 3689 caveantque,
1108 3627 1145 3670 ne
1160 3613 1242 3689 quic-
1315 3631 1316 3664 t

223 3715 305 3774 quam
331 3712 446 3772 prorsus
473 3695 626 3754 occasione
652 3695 734 3754 buius
760 3696 898 3755 examinis
924 3714 977 3756 uec
1004 3705 1070 3754 ante
1092 3713 1148 3754 nec
1174 3706 1240 3775 post

274 3890 343 3934 Seu
363 3887 454 3932 xxtv.
470 3891 490 3942 i)
501 3889 531 3933 ei.
542 3890 607 3935 Sere.
615 3891 756 3938 vulneret.
766 3896 855 3938 cdl.—
870 3897 893 3949 2)
902 3891 932 3938 ei.
943 3893 1008 3938 Sese.
1017 3891 1131 3936 mas
1140 3889 1239 3936 tebet.
