<?xml version="1.0" encoding="UTF-8"?>
<!DOCTYPE html PUBLIC "-//W3C//DTD XHTML 1.0 Transitional//EN"
    "http://www.w3.org/TR/xhtml1/DTD/xhtml1-transitional.dtd">
<html xmlns="http://www.w3.org/1999/xhtml" xml:lang="en" lang="en">
 <head>
  <title>
</title>
<meta http-equiv="Content-Type" content="text/html;charset=utf-8" />
  <meta name='ocr-system' content='tesseract 3.04.00' />
  <meta name='ocr-capabilities' content='ocr_page ocr_carea ocr_par ocr_line ocrx_word'/>
</head>
<body>
  <div class='ocr_page' id='page_1' title='image "./canonesetdecret00stergoog_0152.png"; bbox 0 0 2654 4330; ppageno 0'>
   <div class='ocr_carea' id='block_1_1' title="bbox 259 225 1122 315">
    <p class='ocr_par' dir='ltr' id='par_1_1' title="bbox 259 225 1122 315">
     <span class='ocr_line' id='line_1_1' title="bbox 259 225 1122 315; baseline -0.007 -5"><span class='ocrx_word' id='word_1_1' title='bbox 259 253 424 310; x_wconf 80' lang='lat' dir='ltr'><strong>sussuo</strong></span> <span class='ocrx_word' id='word_1_2' title='bbox 451 253 555 308; x_wconf 83' lang='lat' dir='ltr'><strong>xxm.</strong></span> <span class='ocrx_word' id='word_1_3' title='bbox 583 225 651 309; x_wconf 79' lang='lat' dir='ltr'><strong>&#39;nn</strong></span> <span class='ocrx_word' id='word_1_4' title='bbox 675 255 945 310; x_wconf 13' lang='lat' dir='ltr'><strong>sternamur.</strong></span> <span class='ocrx_word' id='word_1_5' title='bbox 1040 227 1122 315; x_wconf 59' lang='lat' dir='ltr'><strong>nsa&#39;x</strong></span> 
     </span>
    </p>
   </div>
   <div class='ocr_carea' id='block_1_2' title="bbox 44 395 1267 3818">
    <p class='ocr_par' dir='ltr' id='par_1_2' title="bbox 80 395 1267 562">
     <span class='ocr_line' id='line_1_2' title="bbox 80 395 1267 476; baseline 0 -19"><span class='ocrx_word' id='word_1_6' title='bbox 80 399 228 476; x_wconf 85' lang='lat' dir='ltr'><strong>pictatem</strong></span> <span class='ocrx_word' id='word_1_7' title='bbox 243 405 274 456; x_wconf 89' lang='lat' dir='ltr'><strong>et</strong></span> <span class='ocrx_word' id='word_1_8' title='bbox 290 395 462 473; x_wconf 72' lang='lat' dir='ltr'>religionem</span> <span class='ocrx_word' id='word_1_9' title='bbox 480 395 659 467; x_wconf 77' lang='lat' dir='ltr'><strong>informetur,</strong></span> <span class='ocrx_word' id='word_1_10' title='bbox 679 405 828 475; x_wconf 84' lang='lat' dir='ltr'><strong>antequem</strong></span> <span class='ocrx_word' id='word_1_11' title='bbox 850 395 984 456; x_wconf 84' lang='lat' dir='ltr'><strong>vitiorum</strong></span> <span class='ocrx_word' id='word_1_12' title='bbox 1002 395 1116 457; x_wconf 77' lang='lat' dir='ltr'><strong>dubitus</strong></span> <span class='ocrx_word' id='word_1_13' title='bbox 1152 419 1156 430; x_wconf 93' lang='lat'>·</span> <span class='ocrx_word' id='word_1_14' title='bbox 1263 399 1267 406; x_wconf 86' lang='grc'><strong>“</strong></span> 
     </span>
     <span class='ocr_line' id='line_1_3' title="bbox 85 479 1116 562; baseline -0.001 -19"><span class='ocrx_word' id='word_1_15' title='bbox 85 494 167 543; x_wconf 86' lang='lat' dir='ltr'><strong>totos</strong></span> <span class='ocrx_word' id='word_1_16' title='bbox 195 481 326 540; x_wconf 83' lang='lat' dir='ltr'><strong>homines</strong></span> <span class='ocrx_word' id='word_1_17' title='bbox 343 479 504 559; x_wconf 83' lang='lat' dir='ltr'><strong>possident,</strong></span> <span class='ocrx_word' id='word_1_18' title='bbox 532 501 672 562; x_wconf 82' lang='lat' dir='ltr'><strong>nunquam</strong></span> <span class='ocrx_word' id='word_1_19' title='bbox 695 482 827 560; x_wconf 81' lang='lat' dir='ltr'><strong>perfecte</strong></span> <span class='ocrx_word' id='word_1_20' title='bbox 850 501 885 541; x_wconf 90' lang='lat' dir='ltr'><strong>uc</strong></span> <span class='ocrx_word' id='word_1_21' title='bbox 908 483 969 541; x_wconf 86' lang='lat' dir='ltr'><strong>sine</strong></span> <span class='ocrx_word' id='word_1_22' title='bbox 992 483 1116 542; x_wconf 81' lang='lat' dir='ltr'><strong>maximo</strong></span> 
     </span>
    </p>

    <p class='ocr_par' dir='ltr' id='par_1_3' title="bbox 83 565 1116 646">
     <span class='ocr_line' id='line_1_4' title="bbox 83 565 1116 646; baseline 0 -18"><span class='ocrx_word' id='word_1_23' title='bbox 83 589 122 628; x_wconf 78' lang='lat' dir='ltr'><strong>ae</strong></span> <span class='ocrx_word' id='word_1_24' title='bbox 146 567 286 645; x_wconf 75' lang='lat' dir='ltr'>singulari</span> <span class='ocrx_word' id='word_1_25' title='bbox 303 565 514 646; x_wconf 80' lang='lat' dir='ltr'><strong>&#39;propemodum</strong></span> <span class='ocrx_word' id='word_1_26' title='bbox 537 566 592 626; x_wconf 84' lang='lat' dir='ltr'><strong>Dei</strong></span> <span class='ocrx_word' id='word_1_27' title='bbox 620 568 822 646; x_wconf 87' lang='lat' dir='ltr'><strong>omnipotentis</strong></span> <span class='ocrx_word' id='word_1_28' title='bbox 845 568 951 626; x_wconf 82' lang='lat' dir='ltr'><strong>auxilio</strong></span> <span class='ocrx_word' id='word_1_29' title='bbox 975 567 1005 626; x_wconf 90' lang='lat' dir='ltr'><strong>in</strong></span> <span class='ocrx_word' id='word_1_30' title='bbox 1028 567 1116 628; x_wconf 86' lang='lat' dir='ltr'><strong>disci·</strong></span> 
     </span>
    </p>

    <p class='ocr_par' dir='ltr' id='par_1_4' title="bbox 83 651 1118 734">
     <span class='ocr_line' id='line_1_5' title="bbox 83 651 1118 734; baseline -0.001 -21"><span class='ocrx_word' id='word_1_31' title='bbox 83 655 167 734; x_wconf 82' lang='lat' dir='ltr'>plina</span> <span class='ocrx_word' id='word_1_32' title='bbox 186 653 387 712; x_wconf 81' lang='lat' dir='ltr'><strong>ecclesiastiea</strong></span> <span class='ocrx_word' id='word_1_33' title='bbox 405 663 587 730; x_wconf 85' lang='lat' dir='ltr'><strong>perseveret:</strong></span> <span class='ocrx_word' id='word_1_34' title='bbox 606 661 706 711; x_wconf 89' lang='lat' dir='ltr'><strong>sancta</strong></span> <span class='ocrx_word' id='word_1_35' title='bbox 724 651 850 731; x_wconf 85' lang='lat' dir='ltr'><strong>synodus</strong></span> <span class='ocrx_word' id='word_1_36' title='bbox 868 655 982 723; x_wconf 85' lang='lat' dir='ltr'><strong>statuit,</strong></span> <span class='ocrx_word' id='word_1_37' title='bbox 1006 664 1037 712; x_wconf 89' lang='lat' dir='ltr'><strong>ut</strong></span> <span class='ocrx_word' id='word_1_38' title='bbox 1058 655 1118 712; x_wconf 89' lang='lat' dir='ltr'><strong>siu·</strong></span> 
     </span>
    </p>

    <p class='ocr_par' dir='ltr' id='par_1_5' title="bbox 83 737 1119 820">
     <span class='ocr_line' id='line_1_6' title="bbox 83 737 1119 820; baseline 0 -22"><span class='ocrx_word' id='word_1_39' title='bbox 83 741 174 820; x_wconf 84' lang='lat' dir='ltr'><strong>gulae</strong></span> <span class='ocrx_word' id='word_1_40' title='bbox 195 737 425 811; x_wconf 77' lang='lat' dir='ltr'><strong>cathedrales1),</strong></span> <span class='ocrx_word' id='word_1_41' title='bbox 445 738 699 817; x_wconf 75' lang='lat' dir='ltr'><strong>metropolitanae,</strong></span> <span class='ocrx_word' id='word_1_42' title='bbox 713 748 799 816; x_wconf 85' lang='lat' dir='ltr'><strong>atque</strong></span> <span class='ocrx_word' id='word_1_43' title='bbox 817 738 861 798; x_wconf 88' lang='lat' dir='ltr'><strong>his</strong></span> <span class='ocrx_word' id='word_1_44' title='bbox 879 741 1003 800; x_wconf 82' lang='lat' dir='ltr'><strong>maiores</strong></span> <span class='ocrx_word' id='word_1_45' title='bbox 1021 739 1119 799; x_wconf 89' lang='lat' dir='ltr'><strong>eccle·</strong></span> 
     </span>
    </p>

    <p class='ocr_par' dir='ltr' id='par_1_6' title="bbox 84 821 1232 1075">
     <span class='ocr_line' id='line_1_7' title="bbox 84 821 1118 904; baseline -0.001 -19"><span class='ocrx_word' id='word_1_46' title='bbox 84 828 165 896; x_wconf 79' lang='lat' dir='ltr'><strong>siae,</strong></span> <span class='ocrx_word' id='word_1_47' title='bbox 189 843 243 904; x_wconf 94' lang='lat' dir='ltr'><strong>pro</strong></span> <span class='ocrx_word' id='word_1_48' title='bbox 266 821 352 882; x_wconf 91' lang='lat' dir='ltr'><strong>modo</strong></span> <span class='ocrx_word' id='word_1_49' title='bbox 379 824 544 883; x_wconf 78' lang='lat' dir='ltr'><strong>facultatum</strong></span> <span class='ocrx_word' id='word_1_50' title='bbox 573 835 604 883; x_wconf 87' lang='lat' dir='ltr'><strong>at</strong></span> <span class='ocrx_word' id='word_1_51' title='bbox 630 822 775 883; x_wconf 89' lang='lat' dir='ltr'><strong>dioecesis</strong></span> <span class='ocrx_word' id='word_1_52' title='bbox 801 823 985 903; x_wconf 83' lang='lat' dir='ltr'><strong>amplitudine</strong></span> <span class='ocrx_word' id='word_1_53' title='bbox 1009 834 1118 884; x_wconf 77' lang='lat' dir='ltr'><strong>certum</strong></span> 
     </span>
     <span class='ocr_line' id='line_1_8' title="bbox 85 907 1232 990; baseline -0.002 -20"><span class='ocrx_word' id='word_1_54' title='bbox 85 929 245 990; x_wconf 86' lang='lat' dir='ltr'><strong>puerorum</strong></span> <span class='ocrx_word' id='word_1_55' title='bbox 263 911 352 988; x_wconf 88' lang='lat' dir='ltr'><strong>ipsius</strong></span> <span class='ocrx_word' id='word_1_56' title='bbox 370 909 494 969; x_wconf 86' lang='lat' dir='ltr'><strong>civitatis</strong></span> <span class='ocrx_word' id='word_1_57' title='bbox 512 918 543 969; x_wconf 89' lang='lat' dir='ltr'><strong>et</strong></span> <span class='ocrx_word' id='word_1_58' title='bbox 561 907 718 980; x_wconf 88' lang='lat' dir='ltr'><strong>dioecesis,</strong></span> <span class='ocrx_word' id='word_1_59' title='bbox 741 909 788 969; x_wconf 88' lang='lat' dir='ltr'><strong>vel</strong></span> <span class='ocrx_word' id='word_1_60' title='bbox 806 911 868 969; x_wconf 89' lang='lat' dir='ltr'><strong>cius</strong></span> <span class='ocrx_word' id='word_1_61' title='bbox 885 910 1069 989; x_wconf 86' lang='lat' dir='ltr'><strong>provinciae,</strong></span> <span class='ocrx_word' id='word_1_62' title='bbox 1093 911 1118 969; x_wconf 90' lang='lat' dir='ltr'><strong>si</strong></span> <span class='ocrx_word' id='word_1_63' title='bbox 1225 907 1232 916; x_wconf 89' lang='lat'>&#39;</span> 
     </span>
     <span class='ocr_line' id='line_1_9' title="bbox 85 993 1119 1075; baseline -0.001 -20"><span class='ocrx_word' id='word_1_64' title='bbox 85 993 128 1056; x_wconf 82' lang='lat' dir='ltr'><strong>ibi</strong></span> <span class='ocrx_word' id='word_1_65' title='bbox 153 1015 211 1054; x_wconf 93' lang='lat' dir='ltr'><strong>uon</strong></span> <span class='ocrx_word' id='word_1_66' title='bbox 234 995 429 1073; x_wconf 87' lang='lat' dir='ltr'><strong>reperiantur,</strong></span> <span class='ocrx_word' id='word_1_67' title='bbox 452 1013 597 1054; x_wconf 88' lang='lat' dir='ltr'><strong>numerum</strong></span> <span class='ocrx_word' id='word_1_68' title='bbox 624 995 654 1053; x_wconf 88' lang='lat' dir='ltr'><strong>iu</strong></span> <span class='ocrx_word' id='word_1_69' title='bbox 678 995 803 1074; x_wconf 91' lang='lat' dir='ltr'><strong>collegio</strong></span> <span class='ocrx_word' id='word_1_70' title='bbox 827 994 863 1054; x_wconf 83' lang='lat' dir='ltr'><strong>ad</strong></span> <span class='ocrx_word' id='word_1_71' title='bbox 886 995 942 1056; x_wconf 90' lang='lat' dir='ltr'><strong>hoc</strong></span> <span class='ocrx_word' id='word_1_72' title='bbox 965 1015 1056 1075; x_wconf 88' lang='lat' dir='ltr'><strong>prope</strong></span> <span class='ocrx_word' id='word_1_73' title='bbox 1074 996 1119 1074; x_wconf 85' lang='lat' dir='ltr'><strong>ip·</strong></span> 
     </span>
    </p>

    <p class='ocr_par' dir='ltr' id='par_1_7' title="bbox 85 1080 1230 1332">
     <span class='ocr_line' id='line_1_10' title="bbox 85 1080 1171 1162; baseline 0 -20"><span class='ocrx_word' id='word_1_74' title='bbox 85 1101 137 1142; x_wconf 76' lang='lat' dir='ltr'><strong>aas</strong></span> <span class='ocrx_word' id='word_1_75' title='bbox 165 1081 307 1142; x_wconf 77' lang='lat' dir='ltr'><strong>ecclosias</strong></span> <span class='ocrx_word' id='word_1_76' title='bbox 333 1081 379 1140; x_wconf 86' lang='lat' dir='ltr'><strong>vel</strong></span> <span class='ocrx_word' id='word_1_77' title='bbox 406 1081 464 1140; x_wconf 86' lang='lat' dir='ltr'><strong>alio</strong></span> <span class='ocrx_word' id='word_1_78' title='bbox 491 1081 520 1138; x_wconf 89' lang='lat' dir='ltr'><strong>in</strong></span> <span class='ocrx_word' id='word_1_79' title='bbox 548 1080 614 1140; x_wconf 95' lang='lat' dir='ltr'><strong>loco</strong></span> <span class='ocrx_word' id='word_1_80' title='bbox 643 1082 825 1140; x_wconf 87' lang='lat' dir='ltr'><strong>convenienti</strong></span> <span class='ocrx_word' id='word_1_81' title='bbox 851 1081 1045 1162; x_wconf 81' lang='lat' dir='ltr'><strong>abepiscopo</strong></span> <span class='ocrx_word' id='word_1_82' title='bbox 1065 1081 1171 1142; x_wconf 84' lang='lat' dir='ltr'><strong>eli-nos</strong></span> 
     </span>
     <span class='ocr_line' id='line_1_11' title="bbox 85 1165 1230 1246; baseline 0 -18"><span class='ocrx_word' id='word_1_83' title='bbox 85 1166 199 1246; x_wconf 86' lang='lat' dir='ltr'><strong>gendo,</strong></span> <span class='ocrx_word' id='word_1_84' title='bbox 218 1167 309 1238; x_wconf 84' lang='lat' dir='ltr'><strong>alere,</strong></span> <span class='ocrx_word' id='word_1_85' title='bbox 328 1182 364 1226; x_wconf 88' lang='lat' dir='ltr'><strong>ac</strong></span> <span class='ocrx_word' id='word_1_86' title='bbox 382 1166 520 1244; x_wconf 87' lang='lat' dir='ltr'><strong>religiose</strong></span> <span class='ocrx_word' id='word_1_87' title='bbox 539 1165 665 1226; x_wconf 86' lang='lat' dir='ltr'><strong>educare</strong></span> <span class='ocrx_word' id='word_1_88' title='bbox 684 1176 716 1226; x_wconf 89' lang='lat' dir='ltr'><strong>et</strong></span> <span class='ocrx_word' id='word_1_89' title='bbox 732 1166 941 1227; x_wconf 84' lang='lat' dir='ltr'><strong>ecclesiasticis</strong></span> <span class='ocrx_word' id='word_1_90' title='bbox 959 1167 1118 1246; x_wconf 87' lang='lat' dir='ltr'><strong>disciplinis</strong></span> <span class='ocrx_word' id='word_1_91' title='bbox 1228 1186 1230 1192; x_wconf 53' lang='lat'><strong>¹</strong></span> 
     </span>
     <span class='ocr_line' id='line_1_12' title="bbox 87 1251 1119 1332; baseline 0 -19"><span class='ocrx_word' id='word_1_92' title='bbox 87 1252 244 1314; x_wconf 83' lang='lat' dir='ltr'><strong>instituere</strong></span> <span class='ocrx_word' id='word_1_93' title='bbox 272 1262 434 1312; x_wconf 84' lang='lat' dir='ltr'><strong>teneantur.</strong></span> <span class='ocrx_word' id='word_1_94' title='bbox 488 1251 519 1310; x_wconf 93' lang='lat' dir='ltr'><strong>ln</strong></span> <span class='ocrx_word' id='word_1_95' title='bbox 546 1252 603 1311; x_wconf 90' lang='lat' dir='ltr'><strong>hoc</strong></span> <span class='ocrx_word' id='word_1_96' title='bbox 621 1269 692 1310; x_wconf 86' lang='lat' dir='ltr'><strong>vero</strong></span> <span class='ocrx_word' id='word_1_97' title='bbox 720 1253 846 1328; x_wconf 84' lang='lat' dir='ltr'><strong>collegio</strong></span> <span class='ocrx_word' id='word_1_98' title='bbox 874 1254 1054 1330; x_wconf 85' lang='lat' dir='ltr'><strong>recipiantur</strong></span> <span class='ocrx_word' id='word_1_99' title='bbox 1071 1254 1119 1332; x_wconf 85' lang='lat' dir='ltr'><strong>qui</strong></span> 
     </span>
    </p>

    <p class='ocr_par' dir='ltr' id='par_1_8' title="bbox 86 1335 1119 1415">
     <span class='ocr_line' id='line_1_13' title="bbox 86 1335 1119 1415; baseline -0.002 -17"><span class='ocrx_word' id='word_1_100' title='bbox 86 1337 127 1398; x_wconf 86' lang='lat' dir='ltr'><strong>ad</strong></span> <span class='ocrx_word' id='word_1_101' title='bbox 147 1339 290 1398; x_wconf 88' lang='lat' dir='ltr'><strong>minimum</strong></span> <span class='ocrx_word' id='word_1_102' title='bbox 309 1335 461 1396; x_wconf 87' lang='lat' dir='ltr'><strong>duodecim</strong></span> <span class='ocrx_word' id='word_1_103' title='bbox 479 1355 568 1397; x_wconf 87' lang='lat' dir='ltr'><strong>annos</strong></span> <span class='ocrx_word' id='word_1_104' title='bbox 591 1347 621 1397; x_wconf 92' lang='lat' dir='ltr'><strong>et</strong></span> <span class='ocrx_word' id='word_1_105' title='bbox 643 1356 680 1396; x_wconf 86' lang='lat' dir='ltr'><strong>ex</strong></span> <span class='ocrx_word' id='word_1_106' title='bbox 702 1337 831 1415; x_wconf 84' lang='lat' dir='ltr'><strong>legitimo</strong></span> <span class='ocrx_word' id='word_1_107' title='bbox 855 1339 1036 1398; x_wconf 84' lang='lat' dir='ltr'><strong>matrimonio</strong></span> <span class='ocrx_word' id='word_1_108' title='bbox 1060 1339 1119 1397; x_wconf 83' lang='lat' dir='ltr'><strong>nati</strong></span> 
     </span>
    </p>

    <p class='ocr_par' dir='ltr' id='par_1_9' title="bbox 87 1421 1119 1675">
     <span class='ocr_line' id='line_1_14' title="bbox 87 1421 1119 1503; baseline -0.002 -19"><span class='ocrx_word' id='word_1_109' title='bbox 87 1427 162 1495; x_wconf 89' lang='lat' dir='ltr'><strong>sint,</strong></span> <span class='ocrx_word' id='word_1_110' title='bbox 191 1443 226 1482; x_wconf 85' lang='lat' dir='ltr'><strong>aa</strong></span> <span class='ocrx_word' id='word_1_111' title='bbox 245 1425 345 1501; x_wconf 88' lang='lat' dir='ltr'><strong>legere</strong></span> <span class='ocrx_word' id='word_1_112' title='bbox 363 1433 393 1482; x_wconf 90' lang='lat' dir='ltr'><strong>et</strong></span> <span class='ocrx_word' id='word_1_113' title='bbox 414 1421 543 1482; x_wconf 89' lang='lat' dir='ltr'><strong>scribere</strong></span> <span class='ocrx_word' id='word_1_114' title='bbox 567 1433 765 1501; x_wconf 86' lang='lat' dir='ltr'><strong>competenter</strong></span> <span class='ocrx_word' id='word_1_115' title='bbox 787 1425 932 1495; x_wconf 89' lang='lat' dir='ltr'><strong>noverint,</strong></span> <span class='ocrx_word' id='word_1_116' title='bbox 952 1435 982 1484; x_wconf 88' lang='lat' dir='ltr'><strong>et</strong></span> <span class='ocrx_word' id='word_1_117' title='bbox 1000 1443 1119 1503; x_wconf 88' lang='lat' dir='ltr'><strong>quorum</strong></span> 
     </span>
     <span class='ocr_line' id='line_1_15' title="bbox 87 1508 1119 1587; baseline -0.001 -17"><span class='ocrx_word' id='word_1_118' title='bbox 87 1508 204 1570; x_wconf 83' lang='lat' dir='ltr'><strong>indoles</strong></span> <span class='ocrx_word' id='word_1_119' title='bbox 222 1519 253 1569; x_wconf 92' lang='lat' dir='ltr'><strong>et</strong></span> <span class='ocrx_word' id='word_1_120' title='bbox 269 1509 400 1568; x_wconf 78' lang='lat' dir='ltr'><strong>voluntas</strong></span> <span class='ocrx_word' id='word_1_121' title='bbox 422 1526 501 1587; x_wconf 87' lang='lat' dir='ltr'><strong>spem</strong></span> <span class='ocrx_word' id='word_1_122' title='bbox 519 1508 636 1580; x_wconf 81' lang='lat' dir='ltr'><strong>afferat,</strong></span> <span class='ocrx_word' id='word_1_123' title='bbox 659 1528 711 1568; x_wconf 88' lang='lat' dir='ltr'><strong>eos</strong></span> <span class='ocrx_word' id='word_1_124' title='bbox 729 1509 936 1572; x_wconf 87' lang='lat' dir='ltr'><strong>ecclesiasticis</strong></span> <span class='ocrx_word' id='word_1_125' title='bbox 954 1511 1119 1569; x_wconf 89' lang='lat' dir='ltr'><strong>ministeriis</strong></span> 
     </span>
     <span class='ocr_line' id='line_1_16' title="bbox 88 1592 1118 1675; baseline -0.003 -20"><span class='ocrx_word' id='word_1_126' title='bbox 88 1605 235 1675; x_wconf 86' lang='lat' dir='ltr'><strong>perpetuo</strong></span> <span class='ocrx_word' id='word_1_127' title='bbox 253 1595 451 1654; x_wconf 86' lang='lat' dir='ltr'><strong>inservituros.</strong></span> <span class='ocrx_word' id='word_1_128' title='bbox 495 1592 655 1673; x_wconf 87' lang='lat' dir='ltr'><strong>Paupernm</strong></span> <span class='ocrx_word' id='word_1_129' title='bbox 673 1605 769 1654; x_wconf 87' lang='lat' dir='ltr'><strong>autem</strong></span> <span class='ocrx_word' id='word_1_130' title='bbox 789 1595 862 1653; x_wconf 85' lang='lat' dir='ltr'><strong>lilios</strong></span> <span class='ocrx_word' id='word_1_131' title='bbox 881 1597 1037 1673; x_wconf 87' lang='lat' dir='ltr'><strong>praecipue</strong></span> <span class='ocrx_word' id='word_1_132' title='bbox 1048 1595 1118 1672; x_wconf 84' lang='lat' dir='ltr'><strong>eligi</strong></span> 
     </span>
    </p>

    <p class='ocr_par' dir='ltr' id='par_1_10' title="bbox 88 1677 1118 1758">
     <span class='ocr_line' id='line_1_17' title="bbox 88 1677 1118 1758; baseline -0.002 -18"><span class='ocrx_word' id='word_1_133' title='bbox 88 1681 165 1753; x_wconf 70' lang='lat' dir='ltr'><strong>vult,</strong></span> <span class='ocrx_word' id='word_1_134' title='bbox 187 1699 240 1740; x_wconf 86' lang='lat' dir='ltr'><strong>nec</strong></span> <span class='ocrx_word' id='word_1_135' title='bbox 259 1691 354 1740; x_wconf 86' lang='lat' dir='ltr'><strong>tamen</strong></span> <span class='ocrx_word' id='word_1_136' title='bbox 373 1679 506 1739; x_wconf 88' lang='lat' dir='ltr'><strong>ditiorum</strong></span> <span class='ocrx_word' id='word_1_137' title='bbox 525 1678 662 1752; x_wconf 82' lang='lat' dir='ltr'><strong>excludit,</strong></span> <span class='ocrx_word' id='word_1_138' title='bbox 680 1677 765 1738; x_wconf 86' lang='lat' dir='ltr'><strong>modo</strong></span> <span class='ocrx_word' id='word_1_139' title='bbox 788 1698 839 1740; x_wconf 87' lang='lat' dir='ltr'><strong>suo</strong></span> <span class='ocrx_word' id='word_1_140' title='bbox 858 1690 969 1758; x_wconf 88' lang='lat' dir='ltr'><strong>sumptu</strong></span> <span class='ocrx_word' id='word_1_141' title='bbox 996 1682 1118 1750; x_wconf 84' lang='lat' dir='ltr'><strong>alantur,</strong></span> 
     </span>
    </p>

    <p class='ocr_par' dir='ltr' id='par_1_11' title="bbox 87 1764 1120 1933">
     <span class='ocr_line' id='line_1_18' title="bbox 87 1764 1119 1845; baseline -0.004 -17"><span class='ocrx_word' id='word_1_142' title='bbox 87 1778 121 1828; x_wconf 87' lang='lat' dir='ltr'><strong>ct</strong></span> <span class='ocrx_word' id='word_1_143' title='bbox 140 1764 264 1832; x_wconf 86' lang='lat' dir='ltr'><strong>studium</strong></span> <span class='ocrx_word' id='word_1_144' title='bbox 282 1783 352 1845; x_wconf 89' lang='lat' dir='ltr'><strong>prae</strong></span> <span class='ocrx_word' id='word_1_145' title='bbox 371 1785 402 1825; x_wconf 90' lang='lat' dir='ltr'><strong>se</strong></span> <span class='ocrx_word' id='word_1_146' title='bbox 420 1765 516 1825; x_wconf 84' lang='lat' dir='ltr'><strong>ferant</strong></span> <span class='ocrx_word' id='word_1_147' title='bbox 533 1765 596 1825; x_wconf 84' lang='lat' dir='ltr'><strong>Deo</strong></span> <span class='ocrx_word' id='word_1_148' title='bbox 615 1777 645 1824; x_wconf 90' lang='lat' dir='ltr'><strong>et</strong></span> <span class='ocrx_word' id='word_1_149' title='bbox 663 1765 806 1824; x_wconf 88' lang='lat' dir='ltr'><strong>ecclesiae</strong></span> <span class='ocrx_word' id='word_1_150' title='bbox 825 1764 1011 1825; x_wconf 88' lang='lat' dir='ltr'><strong>inserviendi.</strong></span> <span class='ocrx_word' id='word_1_151' title='bbox 1059 1765 1119 1825; x_wconf 91' lang='lat' dir='ltr'><strong>llos</strong></span> 
     </span>
     <span class='ocr_line' id='line_1_19' title="bbox 90 1848 1120 1933; baseline -0.002 -21"><span class='ocrx_word' id='word_1_152' title='bbox 90 1869 200 1933; x_wconf 86' lang='lat' dir='ltr'><strong>pueros</strong></span> <span class='ocrx_word' id='word_1_153' title='bbox 226 1852 379 1931; x_wconf 87' lang='lat' dir='ltr'><strong>episcopus</strong></span> <span class='ocrx_word' id='word_1_154' title='bbox 405 1851 434 1909; x_wconf 87' lang='lat' dir='ltr'><strong>in</strong></span> <span class='ocrx_word' id='word_1_155' title='bbox 461 1861 505 1909; x_wconf 92' lang='lat' dir='ltr'><strong>tot</strong></span> <span class='ocrx_word' id='word_1_156' title='bbox 524 1851 645 1922; x_wconf 85' lang='lat' dir='ltr'><strong>classes,</strong></span> <span class='ocrx_word' id='word_1_157' title='bbox 674 1860 743 1929; x_wconf 90' lang='lat' dir='ltr'><strong>quot</strong></span> <span class='ocrx_word' id='word_1_158' title='bbox 769 1852 796 1910; x_wconf 88' lang='lat' dir='ltr'><strong>ci</strong></span> <span class='ocrx_word' id='word_1_159' title='bbox 823 1848 985 1923; x_wconf 90' lang='lat' dir='ltr'><strong>videbitur,</strong></span> <span class='ocrx_word' id='word_1_160' title='bbox 1014 1849 1120 1912; x_wconf 89' lang='lat' dir='ltr'><strong>divisos</strong></span> 
     </span>
    </p>

    <p class='ocr_par' dir='ltr' id='par_1_12' title="bbox 90 1934 1119 2103">
     <span class='ocr_line' id='line_1_20' title="bbox 91 1934 1119 2014; baseline -0.003 -17"><span class='ocrx_word' id='word_1_161' title='bbox 91 1941 172 1998; x_wconf 83' lang='lat' dir='ltr'><strong>iuxta</strong></span> <span class='ocrx_word' id='word_1_162' title='bbox 191 1955 289 1998; x_wconf 88' lang='lat' dir='ltr'><strong>eorum</strong></span> <span class='ocrx_word' id='word_1_163' title='bbox 308 1955 468 2007; x_wconf 87' lang='lat' dir='ltr'><strong>numerum,</strong></span> <span class='ocrx_word' id='word_1_164' title='bbox 488 1946 612 1996; x_wconf 77' lang='lat' dir='ltr'><strong>acmtem</strong></span> <span class='ocrx_word' id='word_1_165' title='bbox 635 1955 671 1994; x_wconf 86' lang='lat' dir='ltr'><strong>aa</strong></span> <span class='ocrx_word' id='word_1_166' title='bbox 692 1937 722 1994; x_wconf 89' lang='lat' dir='ltr'><strong>in</strong></span> <span class='ocrx_word' id='word_1_167' title='bbox 745 1934 896 2014; x_wconf 82' lang='lat' dir='ltr'><strong>disciplina</strong></span> <span class='ocrx_word' id='word_1_168' title='bbox 919 1937 1119 1996; x_wconf 86' lang='lat' dir='ltr'><strong>ecelesiastica</strong></span> 
     </span>
     <span class='ocr_line' id='line_1_21' title="bbox 90 2018 1119 2103; baseline -0.004 -19"><span class='ocrx_word' id='word_1_169' title='bbox 90 2041 287 2103; x_wconf 87' lang='lat' dir='ltr'><strong>progressum,</strong></span> <span class='ocrx_word' id='word_1_170' title='bbox 306 2023 423 2102; x_wconf 87' lang='lat' dir='ltr'><strong>partim,</strong></span> <span class='ocrx_word' id='word_1_171' title='bbox 443 2041 527 2101; x_wconf 84' lang='lat' dir='ltr'><strong>quum</strong></span> <span class='ocrx_word' id='word_1_172' title='bbox 546 2023 574 2082; x_wconf 91' lang='lat' dir='ltr'><strong>ei</strong></span> <span class='ocrx_word' id='word_1_173' title='bbox 593 2031 782 2101; x_wconf 87' lang='lat' dir='ltr'><strong>opportunum</strong></span> <span class='ocrx_word' id='word_1_174' title='bbox 799 2018 959 2093; x_wconf 86' lang='lat' dir='ltr'><strong>videbitur,</strong></span> <span class='ocrx_word' id='word_1_175' title='bbox 978 2021 1119 2082; x_wconf 83' lang='lat' dir='ltr'><strong>ecclcsia-</strong></span> 
     </span>
    </p>

    <p class='ocr_par' dir='ltr' id='par_1_13' title="bbox 44 2105 1173 3818">
     <span class='ocr_line' id='line_1_22' title="bbox 44 2105 1120 2187; baseline -0.005 -17"><span class='ocrx_word' id='word_1_176' title='bbox 44 2155 47 2162; x_wconf 87' lang='lat'>.</span> <span class='ocrx_word' id='word_1_177' title='bbox 91 2129 154 2170; x_wconf 88' lang='lat' dir='ltr'><strong>rum</strong></span> <span class='ocrx_word' id='word_1_178' title='bbox 173 2109 333 2169; x_wconf 85' lang='lat' dir='ltr'><strong>ministerio</strong></span> <span class='ocrx_word' id='word_1_179' title='bbox 351 2107 478 2179; x_wconf 78' lang='lat' dir='ltr'><strong>addicet,</strong></span> <span class='ocrx_word' id='word_1_180' title='bbox 498 2109 648 2187; x_wconf 88' lang='lat' dir='ltr'><strong>partimin</strong></span> <span class='ocrx_word' id='word_1_181' title='bbox 670 2107 794 2186; x_wconf 89' lang='lat' dir='ltr'><strong>collegio</strong></span> <span class='ocrx_word' id='word_1_182' title='bbox 813 2105 988 2167; x_wconf 87' lang='lat' dir='ltr'><strong>crudiendos</strong></span> <span class='ocrx_word' id='word_1_183' title='bbox 1011 2108 1120 2168; x_wconf 83' lang='lat' dir='ltr'><strong>retine·</strong></span> 
     </span>
     <span class='ocr_line' id='line_1_23' title="bbox 90 2192 1120 2274; baseline -0.002 -20"><span class='ocrx_word' id='word_1_184' title='bbox 90 2195 162 2268; x_wconf 78' lang='lat' dir='ltr'><strong>leit3.</strong></span> <span class='ocrx_word' id='word_1_185' title='bbox 176 2195 307 2274; x_wconf 79' lang='lat' dir='ltr'><strong>aliosque</strong></span> <span class='ocrx_word' id='word_1_186' title='bbox 333 2196 362 2256; x_wconf 89' lang='lat' dir='ltr'><strong>iu</strong></span> <span class='ocrx_word' id='word_1_187' title='bbox 390 2195 483 2254; x_wconf 90' lang='lat' dir='ltr'><strong>locum</strong></span> <span class='ocrx_word' id='word_1_188' title='bbox 506 2192 674 2253; x_wconf 84' lang='lat' dir='ltr'><strong>eductorum</strong></span> <span class='ocrx_word' id='word_1_189' title='bbox 697 2192 831 2264; x_wconf 85' lang='lat' dir='ltr'><strong>sufficiet,</strong></span> <span class='ocrx_word' id='word_1_190' title='bbox 859 2194 953 2253; x_wconf 79' lang='lat' dir='ltr'><strong>ita-ut</strong></span> <span class='ocrx_word' id='word_1_191' title='bbox 974 2194 1031 2253; x_wconf 89' lang='lat' dir='ltr'><strong>hoc</strong></span> <span class='ocrx_word' id='word_1_192' title='bbox 1058 2193 1120 2253; x_wconf 87' lang='lat' dir='ltr'><strong>col-</strong></span> 
     </span>
     <span class='ocr_line' id='line_1_24' title="bbox 91 2274 1119 2360; baseline -0.003 -20"><span class='ocrx_word' id='word_1_193' title='bbox 91 2281 199 2360; x_wconf 81' lang='lat' dir='ltr'><strong>legium</strong></span> <span class='ocrx_word' id='word_1_194' title='bbox 217 2276 273 2341; x_wconf 79' lang='lat' dir='ltr'><strong>Dei</strong></span> <span class='ocrx_word' id='word_1_195' title='bbox 294 2280 485 2342; x_wconf 86' lang='lat' dir='ltr'><strong>ministrorum</strong></span> <span class='ocrx_word' id='word_1_196' title='bbox 508 2291 676 2358; x_wconf 90' lang='lat' dir='ltr'><strong>perpetuum</strong></span> <span class='ocrx_word' id='word_1_197' title='bbox 700 2280 879 2339; x_wconf 84' lang='lat' dir='ltr'><strong>seminarium</strong></span> <span class='ocrx_word' id='word_1_198' title='bbox 902 2281 948 2339; x_wconf 87' lang='lat' dir='ltr'><strong>sit.</strong></span> <span class='ocrx_word' id='word_1_199' title='bbox 994 2274 1032 2340; x_wconf 85' lang='lat' dir='ltr'><strong>Ut</strong></span> <span class='ocrx_word' id='word_1_200' title='bbox 1047 2297 1119 2340; x_wconf 84' lang='lat' dir='ltr'><strong>vero</strong></span> 
     </span>
     <span class='ocr_line' id='line_1_25' title="bbox 91 2363 1120 2444; baseline -0.003 -18"><span class='ocrx_word' id='word_1_201' title='bbox 91 2368 121 2426; x_wconf 88' lang='lat' dir='ltr'><strong>in</strong></span> <span class='ocrx_word' id='word_1_202' title='bbox 140 2365 243 2426; x_wconf 80' lang='lat' dir='ltr'><strong>eadem</strong></span> <span class='ocrx_word' id='word_1_203' title='bbox 261 2365 412 2444; x_wconf 89' lang='lat' dir='ltr'><strong>disciplina</strong></span> <span class='ocrx_word' id='word_1_204' title='bbox 430 2365 630 2425; x_wconf 84' lang='lat' dir='ltr'><strong>ecclesiastica</strong></span> <span class='ocrx_word' id='word_1_205' title='bbox 650 2363 824 2424; x_wconf 87' lang='lat' dir='ltr'><strong>commodius</strong></span> <span class='ocrx_word' id='word_1_206' title='bbox 842 2366 1034 2435; x_wconf 88' lang='lat' dir='ltr'><strong>instituuntur,</strong></span> <span class='ocrx_word' id='word_1_207' title='bbox 1054 2376 1120 2424; x_wconf 89' lang='lat' dir='ltr'><strong>ton·</strong></span> 
     </span>
     <span class='ocr_line' id='line_1_26' title="bbox 91 2450 1120 2531; baseline -0.003 -19"><span class='ocrx_word' id='word_1_208' title='bbox 91 2472 158 2514; x_wconf 85' lang='lat' dir='ltr'><strong>sura</strong></span> <span class='ocrx_word' id='word_1_209' title='bbox 176 2453 270 2514; x_wconf 84' lang='lat' dir='ltr'><strong>statim</strong></span> <span class='ocrx_word' id='word_1_210' title='bbox 289 2462 375 2531; x_wconf 83' lang='lat' dir='ltr'><strong>atque</strong></span> <span class='ocrx_word' id='word_1_211' title='bbox 392 2450 491 2510; x_wconf 83' lang='lat' dir='ltr'><strong>habitu</strong></span> <span class='ocrx_word' id='word_1_212' title='bbox 510 2451 644 2512; x_wconf 87' lang='lat' dir='ltr'><strong>clericali</strong></span> <span class='ocrx_word' id='word_1_213' title='bbox 662 2469 776 2531; x_wconf 84' lang='lat' dir='ltr'><strong>semper</strong></span> <span class='ocrx_word' id='word_1_214' title='bbox 798 2456 927 2523; x_wconf 67' lang='lat' dir='ltr'><strong>utentum</strong></span> <span class='ocrx_word' id='word_1_215' title='bbox 956 2452 1120 2528; x_wconf 56' lang='lat' dir='ltr'><strong>pammati-</strong></span> 
     </span>
     <span class='ocr_line' id='line_1_27' title="bbox 93 2535 1118 2616; baseline 0.001 -20"><span class='ocrx_word' id='word_1_216' title='bbox 93 2556 154 2608; x_wconf 87' lang='lat' dir='ltr'><strong>ces,</strong></span> <span class='ocrx_word' id='word_1_217' title='bbox 170 2547 280 2609; x_wconf 85' lang='lat' dir='ltr'><strong>cantus,</strong></span> <span class='ocrx_word' id='word_1_218' title='bbox 300 2538 425 2615; x_wconf 89' lang='lat' dir='ltr'><strong>computi</strong></span> <span class='ocrx_word' id='word_1_219' title='bbox 436 2535 644 2608; x_wconf 85' lang='lat' dir='ltr'><strong>ecclesiastici,</strong></span> <span class='ocrx_word' id='word_1_220' title='bbox 664 2537 840 2616; x_wconf 86' lang='lat' dir='ltr'><strong>aliarumque</strong></span> <span class='ocrx_word' id='word_1_221' title='bbox 858 2536 996 2597; x_wconf 84' lang='lat' dir='ltr'><strong>bonarum</strong></span> <span class='ocrx_word' id='word_1_222' title='bbox 1014 2539 1118 2597; x_wconf 84' lang='lat' dir='ltr'><strong>artium</strong></span> 
     </span>
     <span class='ocr_line' id='line_1_28' title="bbox 92 2621 1118 2702; baseline -0.001 -20"><span class='ocrx_word' id='word_1_223' title='bbox 92 2621 273 2702; x_wconf 82' lang='lat' dir='ltr'><strong>disciplinam</strong></span> <span class='ocrx_word' id='word_1_224' title='bbox 291 2621 419 2694; x_wconf 87' lang='lat' dir='ltr'><strong>discent,</strong></span> <span class='ocrx_word' id='word_1_225' title='bbox 442 2641 553 2682; x_wconf 85' lang='lat' dir='ltr'><strong>sacram</strong></span> <span class='ocrx_word' id='word_1_226' title='bbox 572 2623 756 2700; x_wconf 69' lang='lat' dir='ltr'><strong>scriptulum,</strong></span> <span class='ocrx_word' id='word_1_227' title='bbox 784 2622 873 2682; x_wconf 86' lang='lat' dir='ltr'><strong>libros</strong></span> <span class='ocrx_word' id='word_1_228' title='bbox 892 2623 1118 2697; x_wconf 84' lang='lat' dir='ltr'><strong>ecclesiasticos,</strong></span> 
     </span>
     <span class='ocr_line' id='line_1_29' title="bbox 91 2706 1118 2787; baseline 0 -19"><span class='ocrx_word' id='word_1_229' title='bbox 91 2709 225 2770; x_wconf 82' lang='lat' dir='ltr'><strong>lromilios</strong></span> <span class='ocrx_word' id='word_1_230' title='bbox 234 2719 406 2778; x_wconf 85' lang='lat' dir='ltr'><strong>sanctorum,</strong></span> <span class='ocrx_word' id='word_1_231' title='bbox 417 2718 503 2787; x_wconf 87' lang='lat' dir='ltr'><strong>atque</strong></span> <span class='ocrx_word' id='word_1_232' title='bbox 513 2717 754 2768; x_wconf 81' lang='lat' dir='ltr'><strong>sacramentorum</strong></span> <span class='ocrx_word' id='word_1_233' title='bbox 765 2706 977 2780; x_wconf 82' lang='lat' dir='ltr'><strong>tradendorum,</strong></span> <span class='ocrx_word' id='word_1_234' title='bbox 997 2710 1118 2770; x_wconf 74' lang='lat' dir='ltr'><strong>maxime</strong></span> 
     </span>
     <span class='ocr_line' id='line_1_30' title="bbox 92 2792 1120 2872; baseline 0 -18"><span class='ocrx_word' id='word_1_235' title='bbox 92 2813 167 2872; x_wconf 83' lang='lat' dir='ltr'><strong>quae</strong></span> <span class='ocrx_word' id='word_1_236' title='bbox 191 2793 226 2853; x_wconf 84' lang='lat' dir='ltr'><strong>ad</strong></span> <span class='ocrx_word' id='word_1_237' title='bbox 251 2793 449 2854; x_wconf 84' lang='lat' dir='ltr'><strong>confessiones</strong></span> <span class='ocrx_word' id='word_1_238' title='bbox 467 2792 624 2854; x_wconf 84' lang='lat' dir='ltr'><strong>audiendas</strong></span> <span class='ocrx_word' id='word_1_239' title='bbox 642 2792 815 2854; x_wconf 82' lang='lat' dir='ltr'><strong>videbuntur</strong></span> <span class='ocrx_word' id='word_1_240' title='bbox 837 2803 1012 2872; x_wconf 85' lang='lat' dir='ltr'><strong>opportuna,</strong></span> <span class='ocrx_word' id='word_1_241' title='bbox 1032 2806 1062 2854; x_wconf 89' lang='lat' dir='ltr'><strong>et</strong></span> <span class='ocrx_word' id='word_1_242' title='bbox 1079 2797 1120 2854; x_wconf 92' lang='lat' dir='ltr'><strong>ri·</strong></span> 
     </span>
     <span class='ocr_line' id='line_1_31' title="bbox 92 2877 1118 2958; baseline 0 -20"><span class='ocrx_word' id='word_1_243' title='bbox 92 2890 169 2940; x_wconf 86' lang='lat' dir='ltr'><strong>tunm</strong></span> <span class='ocrx_word' id='word_1_244' title='bbox 193 2899 228 2938; x_wconf 85' lang='lat' dir='ltr'><strong>aa</strong></span> <span class='ocrx_word' id='word_1_245' title='bbox 252 2881 496 2941; x_wconf 83' lang='lat' dir='ltr'><strong>caeremoniarum</strong></span> <span class='ocrx_word' id='word_1_246' title='bbox 522 2878 631 2940; x_wconf 87' lang='lat' dir='ltr'><strong>formas</strong></span> <span class='ocrx_word' id='word_1_247' title='bbox 652 2878 793 2939; x_wconf 83' lang='lat' dir='ltr'><strong>adiacent.</strong></span> <span class='ocrx_word' id='word_1_248' title='bbox 844 2877 934 2938; x_wconf 82' lang='lat' dir='ltr'><strong>Curet</strong></span> <span class='ocrx_word' id='word_1_249' title='bbox 956 2880 1118 2958; x_wconf 84' lang='lat' dir='ltr'><strong>episcopus,</strong></span> 
     </span>
     <span class='ocr_line' id='line_1_32' title="bbox 93 2963 1119 3043; baseline 0.001 -19"><span class='ocrx_word' id='word_1_250' title='bbox 93 2976 124 3024; x_wconf 89' lang='lat' dir='ltr'><strong>ut</strong></span> <span class='ocrx_word' id='word_1_251' title='bbox 142 2965 261 3043; x_wconf 85' lang='lat' dir='ltr'><strong>singulis</strong></span> <span class='ocrx_word' id='word_1_252' title='bbox 280 2963 381 3026; x_wconf 89' lang='lat' dir='ltr'><strong>diebus</strong></span> <span class='ocrx_word' id='word_1_253' title='bbox 398 2967 502 3024; x_wconf 86' lang='lat' dir='ltr'><strong>missae</strong></span> <span class='ocrx_word' id='word_1_254' title='bbox 520 2965 664 3026; x_wconf 85' lang='lat' dir='ltr'><strong>sacrificio</strong></span> <span class='ocrx_word' id='word_1_255' title='bbox 682 2966 825 3034; x_wconf 77' lang='lat' dir='ltr'><strong>intersint,</strong></span> <span class='ocrx_word' id='word_1_256' title='bbox 843 2982 879 3024; x_wconf 87' lang='lat' dir='ltr'><strong>ac</strong></span> <span class='ocrx_word' id='word_1_257' title='bbox 889 2964 989 3023; x_wconf 84' lang='lat' dir='ltr'><strong>saltem</strong></span> <span class='ocrx_word' id='word_1_258' title='bbox 1000 2965 1119 3042; x_wconf 85' lang='lat' dir='ltr'><strong>singulis</strong></span> 
     </span>
     <span class='ocr_line' id='line_1_33' title="bbox 92 3047 1118 3130; baseline 0 -20"><span class='ocrx_word' id='word_1_259' title='bbox 92 3051 238 3112; x_wconf 84' lang='lat' dir='ltr'><strong>mensibus</strong></span> <span class='ocrx_word' id='word_1_260' title='bbox 261 3051 453 3112; x_wconf 85' lang='lat' dir='ltr'><strong>confiteantur</strong></span> <span class='ocrx_word' id='word_1_261' title='bbox 470 3061 606 3130; x_wconf 89' lang='lat' dir='ltr'><strong>peccata,</strong></span> <span class='ocrx_word' id='word_1_262' title='bbox 631 3060 661 3110; x_wconf 90' lang='lat' dir='ltr'><strong>et</strong></span> <span class='ocrx_word' id='word_1_263' title='bbox 682 3051 762 3110; x_wconf 84' lang='lat' dir='ltr'><strong>iuxta</strong></span> <span class='ocrx_word' id='word_1_264' title='bbox 785 3049 960 3110; x_wconf 78' lang='lat' dir='ltr'><strong>confessoris</strong></span> <span class='ocrx_word' id='word_1_265' title='bbox 983 3047 1118 3110; x_wconf 85' lang='lat' dir='ltr'><strong>iudicium</strong></span> 
     </span>
     <span class='ocr_line' id='line_1_34' title="bbox 92 3132 1173 3216; baseline -0.002 -18"><span class='ocrx_word' id='word_1_266' title='bbox 92 3147 206 3198; x_wconf 84' lang='lat' dir='ltr'><strong>sumant</strong></span> <span class='ocrx_word' id='word_1_267' title='bbox 224 3155 327 3216; x_wconf 88' lang='lat' dir='ltr'><strong>corpus</strong></span> <span class='ocrx_word' id='word_1_268' title='bbox 350 3135 465 3196; x_wconf 84' lang='lat' dir='ltr'><strong>Domini</strong></span> <span class='ocrx_word' id='word_1_269' title='bbox 484 3136 574 3196; x_wconf 88' lang='lat' dir='ltr'><strong>nostri</strong></span> <span class='ocrx_word' id='word_1_270' title='bbox 597 3135 662 3196; x_wconf 88' lang='lat' dir='ltr'><strong>lesu</strong></span> <span class='ocrx_word' id='word_1_271' title='bbox 686 3135 806 3208; x_wconf 82' lang='lat' dir='ltr'><strong>Christi3</strong></span> <span class='ocrx_word' id='word_1_272' title='bbox 830 3132 989 3195; x_wconf 87' lang='lat' dir='ltr'><strong>cathedrali</strong></span> <span class='ocrx_word' id='word_1_273' title='bbox 1007 3144 1038 3194; x_wconf 94' lang='lat' dir='ltr'><strong>et</strong></span> <span class='ocrx_word' id='word_1_274' title='bbox 1055 3135 1120 3196; x_wconf 88' lang='lat' dir='ltr'><strong>aliis</strong></span> <span class='ocrx_word' id='word_1_275' title='bbox 1169 3195 1173 3204; x_wconf 69' lang='grc'><strong>,</strong></span> 
     </span>
     <span class='ocr_line' id='line_1_35' title="bbox 92 3221 1120 3300; baseline 0 -18"><span class='ocrx_word' id='word_1_276' title='bbox 92 3224 151 3283; x_wconf 92' lang='lat' dir='ltr'><strong>looi</strong></span> <span class='ocrx_word' id='word_1_277' title='bbox 169 3223 304 3282; x_wconf 88' lang='lat' dir='ltr'><strong>ecclesiis</strong></span> <span class='ocrx_word' id='word_1_278' title='bbox 322 3221 423 3284; x_wconf 85' lang='lat' dir='ltr'><strong>diebus</strong></span> <span class='ocrx_word' id='word_1_279' title='bbox 440 3222 521 3282; x_wconf 87' lang='lat' dir='ltr'><strong>festis</strong></span> <span class='ocrx_word' id='word_1_280' title='bbox 539 3222 704 3283; x_wconf 88' lang='lat' dir='ltr'><strong>inserviant.</strong></span> <span class='ocrx_word' id='word_1_281' title='bbox 750 3221 829 3296; x_wconf 80' lang='lat' dir='ltr'><strong>Quae</strong></span> <span class='ocrx_word' id='word_1_282' title='bbox 848 3222 942 3280; x_wconf 89' lang='lat' dir='ltr'><strong>omnia</strong></span> <span class='ocrx_word' id='word_1_283' title='bbox 959 3225 1044 3300; x_wconf 80' lang='lat' dir='ltr'><strong>etque</strong></span> <span class='ocrx_word' id='word_1_284' title='bbox 1062 3222 1120 3282; x_wconf 84' lang='lat' dir='ltr'><strong>alia</strong></span> 
     </span>
     <span class='ocr_line' id='line_1_36' title="bbox 92 3307 1119 3389; baseline -0.001 -21"><span class='ocrx_word' id='word_1_285' title='bbox 92 3308 128 3368; x_wconf 88' lang='lat' dir='ltr'><strong>ad</strong></span> <span class='ocrx_word' id='word_1_286' title='bbox 151 3309 226 3368; x_wconf 83' lang='lat' dir='ltr'><strong>hauc</strong></span> <span class='ocrx_word' id='word_1_287' title='bbox 255 3326 315 3368; x_wconf 87' lang='lat' dir='ltr'><strong>rem</strong></span> <span class='ocrx_word' id='word_1_288' title='bbox 342 3318 501 3389; x_wconf 88' lang='lat' dir='ltr'><strong>opportuna</strong></span> <span class='ocrx_word' id='word_1_289' title='bbox 525 3317 556 3367; x_wconf 90' lang='lat' dir='ltr'><strong>et</strong></span> <span class='ocrx_word' id='word_1_290' title='bbox 582 3309 745 3368; x_wconf 83' lang='lat' dir='ltr'><strong>neccssaria</strong></span> <span class='ocrx_word' id='word_1_291' title='bbox 768 3308 897 3387; x_wconf 89' lang='lat' dir='ltr'><strong>episcopi</strong></span> <span class='ocrx_word' id='word_1_292' title='bbox 924 3307 1028 3384; x_wconf 84' lang='lat' dir='ltr'><strong>singuli</strong></span> <span class='ocrx_word' id='word_1_293' title='bbox 1055 3327 1119 3367; x_wconf 89' lang='lat' dir='ltr'><strong>cum</strong></span> 
     </span>
     <span class='ocr_line' id='line_1_37' title="bbox 94 3392 1120 3473; baseline -0.001 -20"><span class='ocrx_word' id='word_1_294' title='bbox 94 3393 359 3456; x_wconf 86' lang='lat' dir='ltr'><strong>consilioduornm</strong></span> <span class='ocrx_word' id='word_1_295' title='bbox 392 3394 596 3454; x_wconf 88' lang='lat' dir='ltr'><strong>canonicorum</strong></span> <span class='ocrx_word' id='word_1_296' title='bbox 619 3395 766 3454; x_wconf 83' lang='lat' dir='ltr'><strong>seniorum</strong></span> <span class='ocrx_word' id='word_1_297' title='bbox 786 3404 817 3454; x_wconf 87' lang='lat' dir='ltr'><strong>ct</strong></span> <span class='ocrx_word' id='word_1_298' title='bbox 838 3392 1016 3472; x_wconf 83' lang='lat' dir='ltr'><strong>graviorum,</strong></span> <span class='ocrx_word' id='word_1_299' title='bbox 1048 3412 1120 3473; x_wconf 87' lang='lat' dir='ltr'><strong>quos</strong></span> 
     </span>
     <span class='ocr_line' id='line_1_38' title="bbox 93 3477 1119 3560; baseline 0.001 -22"><span class='ocrx_word' id='word_1_300' title='bbox 93 3481 148 3560; x_wconf 88' lang='lat' dir='ltr'><strong>ipsi</strong></span> <span class='ocrx_word' id='word_1_301' title='bbox 166 3480 320 3558; x_wconf 83' lang='lat' dir='ltr'><strong>clegerint,</strong></span> <span class='ocrx_word' id='word_1_302' title='bbox 338 3490 425 3559; x_wconf 84' lang='lat' dir='ltr'><strong>prout</strong></span> <span class='ocrx_word' id='word_1_303' title='bbox 443 3477 566 3559; x_wconf 89' lang='lat' dir='ltr'><strong>Spiritus</strong></span> <span class='ocrx_word' id='word_1_304' title='bbox 584 3489 699 3540; x_wconf 86' lang='lat' dir='ltr'><strong>sanctus</strong></span> <span class='ocrx_word' id='word_1_305' title='bbox 716 3481 908 3560; x_wconf 74' lang='lat' dir='ltr'><strong>suggesserit,</strong></span> <span class='ocrx_word' id='word_1_306' title='bbox 928 3480 1119 3553; x_wconf 87' lang='lat' dir='ltr'><strong>constituent;</strong></span> 
     </span>
     <span class='ocr_line' id='line_1_39' title="bbox 93 3563 1119 3646; baseline 0.001 -21"><span class='ocrx_word' id='word_1_307' title='bbox 93 3583 185 3646; x_wconf 84' lang='lat' dir='ltr'><strong>eaque</strong></span> <span class='ocrx_word' id='word_1_308' title='bbox 202 3576 237 3626; x_wconf 87' lang='lat' dir='ltr'><strong>ut</strong></span> <span class='ocrx_word' id='word_1_309' title='bbox 253 3583 367 3646; x_wconf 84' lang='lat' dir='ltr'><strong>semper</strong></span> <span class='ocrx_word' id='word_1_310' title='bbox 385 3565 573 3626; x_wconf 82' lang='lat' dir='ltr'><strong>observentur</strong></span> <span class='ocrx_word' id='word_1_311' title='bbox 591 3567 704 3645; x_wconf 85' lang='lat' dir='ltr'><strong>saepius</strong></span> <span class='ocrx_word' id='word_1_312' title='bbox 722 3564 862 3626; x_wconf 87' lang='lat' dir='ltr'><strong>visitando</strong></span> <span class='ocrx_word' id='word_1_313' title='bbox 874 3584 990 3645; x_wconf 85' lang='lat' dir='ltr'><strong>operam</strong></span> <span class='ocrx_word' id='word_1_314' title='bbox 1001 3563 1119 3626; x_wconf 84' lang='lat' dir='ltr'><strong>dabunt.</strong></span> 
     </span>
     <span class='ocr_line' id='line_1_40' title="bbox 92 3650 1120 3734; baseline 0 -24"><span class='ocrx_word' id='word_1_315' title='bbox 92 3651 253 3734; x_wconf 74' lang='lat' dir='ltr'><strong>Dyscolos,</strong></span> <span class='ocrx_word' id='word_1_316' title='bbox 281 3662 312 3712; x_wconf 89' lang='lat' dir='ltr'><strong>et</strong></span> <span class='ocrx_word' id='word_1_317' title='bbox 336 3650 550 3731; x_wconf 79' lang='lat' dir='ltr'><strong>incorrigibiles</strong></span> <span class='ocrx_word' id='word_1_318' title='bbox 577 3671 612 3712; x_wconf 89' lang='lat' dir='ltr'><strong>ac</strong></span> <span class='ocrx_word' id='word_1_319' title='bbox 639 3653 776 3730; x_wconf 84' lang='lat' dir='ltr'><strong>malorum</strong></span> <span class='ocrx_word' id='word_1_320' title='bbox 803 3671 912 3711; x_wconf 88' lang='lat' dir='ltr'><strong>morum</strong></span> <span class='ocrx_word' id='word_1_321' title='bbox 929 3651 1120 3712; x_wconf 83' lang='lat' dir='ltr'><strong>seminatores</strong></span> 
     </span>
     <span class='ocr_line' id='line_1_41' title="bbox 93 3735 1120 3818; baseline -0.001 -21"><span class='ocrx_word' id='word_1_322' title='bbox 93 3739 203 3797; x_wconf 82' lang='lat' dir='ltr'><strong>acriter</strong></span> <span class='ocrx_word' id='word_1_323' title='bbox 220 3736 348 3817; x_wconf 81' lang='lat' dir='ltr'><strong>punient,</strong></span> <span class='ocrx_word' id='word_1_324' title='bbox 368 3737 537 3811; x_wconf 76' lang='lat' dir='ltr'><strong>cosellum,</strong></span> <span class='ocrx_word' id='word_1_325' title='bbox 556 3739 581 3798; x_wconf 89' lang='lat' dir='ltr'><strong>si</strong></span> <span class='ocrx_word' id='word_1_326' title='bbox 600 3757 670 3818; x_wconf 90' lang='lat' dir='ltr'><strong>opus</strong></span> <span class='ocrx_word' id='word_1_327' title='bbox 688 3739 789 3811; x_wconf 84' lang='lat' dir='ltr'><strong>luerit,</strong></span> <span class='ocrx_word' id='word_1_328' title='bbox 809 3735 991 3818; x_wconf 84' lang='lat' dir='ltr'><strong>expellendo,</strong></span> <span class='ocrx_word' id='word_1_329' title='bbox 1011 3738 1120 3798; x_wconf 87' lang='lat' dir='ltr'><strong>omnia·</strong></span> 
     </span>
    </p>
   </div>
   <div class='ocr_carea' id='block_1_3' title="bbox 92 3881 308 3898">
    <p class='ocr_par' dir='ltr' id='par_1_14' title="bbox 92 3881 308 3898">
     <span class='ocr_line' id='line_1_42' title="bbox 92 3881 308 3898; baseline -0.005 0"><span class='ocrx_word' id='word_1_330' title='bbox 92 3881 308 3898; x_wconf 53' lang='lat' dir='ltr'><strong>—u—-d</strong></span> 
     </span>
    </p>
   </div>
   <div class='ocr_carea' id='block_1_4' title="bbox 145 3937 698 3988">
    <p class='ocr_par' dir='ltr' id='par_1_15' title="bbox 145 3937 698 3988">
     <span class='ocr_line' id='line_1_43' title="bbox 145 3937 698 3988; baseline -0.009 0"><span class='ocrx_word' id='word_1_331' title='bbox 145 3943 223 3988; x_wconf 82' lang='lat' dir='ltr'><strong>Seu.</strong></span> <span class='ocrx_word' id='word_1_332' title='bbox 239 3939 329 3984; x_wconf 82' lang='lat' dir='ltr'>XXIII</span> <span class='ocrx_word' id='word_1_333' title='bbox 365 3945 375 3985; x_wconf 86' lang='lat'><strong>1</strong></span> <span class='ocrx_word' id='word_1_334' title='bbox 396 3939 426 3985; x_wconf 81' lang='lat' dir='ltr'><strong>cf.</strong></span> <span class='ocrx_word' id='word_1_335' title='bbox 439 3939 503 3985; x_wconf 76' lang='lat' dir='ltr'><strong>Sese.</strong></span> <span class='ocrx_word' id='word_1_336' title='bbox 514 3939 542 3982; x_wconf 79' lang='lat' dir='ltr'><strong>V.</strong></span> <span class='ocrx_word' id='word_1_337' title='bbox 554 3939 582 3982; x_wconf 86' lang='lat' dir='ltr'><strong>de</strong></span> <span class='ocrx_word' id='word_1_338' title='bbox 592 3937 637 3982; x_wconf 83' lang='lat' dir='ltr'><strong>rel.</strong></span> <span class='ocrx_word' id='word_1_339' title='bbox 649 3951 668 3982; x_wconf 92' lang='lat' dir='ltr'><strong>c.</strong></span> <span class='ocrx_word' id='word_1_340' title='bbox 677 3941 698 3983; x_wconf 84' lang='lat' dir='ltr'><strong>t.</strong></span> 
     </span>
    </p>
   </div>
   <div class='ocr_carea' id='block_1_5' title="bbox 0 0 1341 4330">
    <p class='ocr_par' dir='ltr' id='par_1_16' title="bbox 0 0 1341 4330">
     <span class='ocr_line' id='line_1_44' title="bbox 0 0 1341 4330; baseline 0 0"><span class='ocrx_word' id='word_1_341' title='bbox 0 0 1341 4330; x_wconf 95' lang='lat' dir='ltr'><strong> </strong></span> 
     </span>
    </p>
   </div>
  </div>
 </body>
</html>
