2654 4334
289 255 658 324 ‘mammutettaoa
677 257 808 312 Bhth·
825 260 917 318 BTC.
1041 257 1122 326 m

518 399 525 412 '
558 397 667 454 '11.·v
720 405 724 416 ’
763 404 768 448 t
904 429 907 434 -

278 483 462 537 nummario
481 487 642 534 aaronem
658 489 857 538 ansnuoaum
875 490 942 536 etan

429 563 506 617 (Bulla
521 563 546 608 S.
560 565 601 608 Pii
614 565 644 608 V.
657 579 695 608 an.
710 567 779 620 dett.)
848 579 849 584 ¹

88 673 89 676 ’
161 655 232 715 Pius
253 657 529 736 episcopusservus
552 675 698 718 servornm
721 657 863 718 etcrldx
885 659 1014 718 omnihus
1040 658 1112 720 affli-

77 738 235 813 ctionibus,
257 761 333 820 quas
356 744 385 800 in
403 743 459 802 hoc
478 744 544 802 loeo
563 762 580 800 a
599 742 720 802 Domino
739 745 887 803 constituti
904 751 961 804 tam
981 745 1115 808 luctttoso·

77 838 209 906 tempore
239 827 432 898 sustinemus,
460 828 508 887 ille
532 829 653 886 animum
676 839 803 888 nostrum
817 831 980 908 'praecipue
1009 847 1113 891 exeru-

77 913 134 970 ciat
153 911 257 983 dolor,
285 911 363 992 qnod
382 913 486 991 religio
504 912 683 985 Christiana,
702 915 791 974 tantis
806 913 973 994 iampridem
992 913 1112 976 turbini,-

77 997 128 1055 hus
147 999 274 1076 agitata,
296 1000 379 1058 novis
398 997 524 1078 quotidie
543 1000 697 1078 propositis
717 999 1111 1079 opinionibusconflietetur,

76 1081 246 1162 Christique
276 1084 415 1162 populus,
443 1085 551 1161 antiqui
578 1084 668 1144 hostis
691 1087 875 1164 suggestione
899 1083 1065 1156 dissectus,
1082 1086 1111 1143 in

78 1167 150 1226 alios
169 1178 274 1247 ¹atque
311 1169 383 1228 alios
416 1186 531 1228 errores
563 1171 667 1247 passim
698 1181 728 1229 et
759 1173 921 1248 prorniscue
953 1169 1111 1231 deferatur.

80 1251 221 1324 Quantum
242 1273 320 1312 vero
339 1252 376 1312 ad
395 1273 448 1312 nos
466 1255 579 1324 attinet,
599 1257 667 1314 totis
684 1255 791 1314 viriles
810 1273 962 1326 conamur,
985 1265 1018 1314 ut
1033 1255 1110 1324 illae,

79 1337 159 1396 simul
188 1349 281 1417 atque
319 1339 484 1418 prosiliunt,
516 1341 629 1418 penitus
661 1341 869 1420 opprimantura
889 1340 1112 1418 ‘magnacum

81 1423 388 1496 moerore-afficimur,
407 1423 483 1504 quod
501 1425 644 1504 plerique,
668 1435 815 1505 spectatae
834 1426 940 1505 alioqui
959 1423 1113 1504 probitatis

80 1516 110 1564 et
128 1506 301 1580 doctrinae,
328 1511 357 1567 in
374 1511 469 1570 varias
487 1513 658 1583 sententias,
678 1511 843 1571 offensionis
861 1521 891 1570 et
908 1511 1030 1588 periculi
1048 1510 1112 1588 ple·
1258 1576 1262 1596 1

83 1611 147 1663 aas,
171 1603 229 1654 tum
248 1594 346 1654 verho
363 1605 421 1654 tum
443 1597 558 1675 seriptis
580 1607 779 1676 prorumpunt,
804 1593 896 1673 deque
916 1596 959 1654 eis
978 1596 1063 1653 etiam
1083 1596 1111 1653 in
1214 1622 1218 1632 =

83 1677 188 1738 scholis
207 1682 338 1740 invicem
357 1690 624 1754 controversantur,
648 1679 806 1740 cuiusmodi
823 1691 889 1738 sunt
906 1689 1067 1758 sequentes.

168 1771 196 1827 l.
221 1765 290 1826 Nec
312 1766 422 1844 angeli,
445 1785 499 1829 nec
522 1767 605 1846 primi
628 1767 751 1826 hominis
768 1764 861 1824 adhuc
884 1765 989 1844 integri
1009 1766 1111 1825 merita

84 1859 162 1907 reete
184 1862 334 1910 vocantur
355 1852 458 1929 gratia.
503 1857 533 1915 2.
558 1849 641 1910 Sicut
661 1870 733 1929 opus
756 1852 858 1910 malum
882 1871 919 1910 ex
941 1858 1043 1910 natura
1060 1869 1112 1910 sua
1156 1859 1162 1894 ἱ

85 1943 127 1990 est
147 1938 250 1995 mortis
274 1946 416 1996 aeternae
438 1938 628 2007 meritorium,
656 1938 698 1996 sie
725 1937 829 1995 honum
854 1955 926 2015 opus
949 1955 986 1994 ex
1009 1946 1112 1995 natura

87 2033 134 2076 sua
157 2031 203 2080 est
224 2024 307 2081 vitae
331 2033 467 2082 aeternae
491 2022 677 2082 meritorium.
722 2026 751 2084 3.
775 2020 814 2079 Et
830 2021 914 2080 honis
932 2021 1057 2099 angelis,
1083 2031 1114 2088 et

87 2105 173 2178 primo
192 2107 317 2179 homiui,
335 2109 360 2166 si
378 2109 407 2167 in
425 2117 502 2168 statu
519 2107 568 2166 illo
587 2117 805 2186 perseverasset
822 2125 910 2185 usque
930 2105 967 2166 ad
982 2103 1111 2166 ultimum

87 2188 169 2262 vitae,
188 2192 320 2253 felicitas
339 2204 417 2252 esset
434 2210 559 2264 merces,
584 2204 615 2252 et
631 2212 688 2252 uon
706 2193 810 2271 gratia.
841 2199 885 2256 ,4.
906 2190 974 2251 Vita
992 2202 1111 2252 aeterna

88 2269 190 2335 homini
214 2280 334 2357 integro
359 2289 388 2338 et
405 2280 509 2356 angelo
532 2280 673 2357 promissa
690 2277 744 2337 init
762 2279 863 2338 intuitu
881 2278 1020 2338 honorum
1040 2297 1110 2356 ope·
1219 2297 1224 2306 ¹

90 2375 162 2432 rum,
181 2373 212 2422 et
233 2364 314 2424 hona
338 2382 427 2443 opera
450 2383 487 2423 ex
508 2364 574 2444 lege
593 2375 712 2423 naturae
731 2361 767 2422 ad
785 2363 862 2424 illam
881 2361 1111 2442 consequendam

89 2461 138 2518 per
160 2465 190 2506 se
214 2449 368 2510 sufficiunt
414 2455 444 2512 5.
471 2448 503 2508 ln
527 2451 715 2529 promissione
738 2449 816 2509 faeta
839 2449 943 2527 angelo
967 2459 997 2508 et
1017 2450 1163 2528 ‘primore

90 2526 194 2590 hornini
215 2537 383 2594 continetur
404 2535 541 2598 naturalis
564 2537 690 2596 iustitiae
710 2537 891 2606 constitutio,
915 2551 970 2614 qua
987 2555 1040 2615 pro
1059 2534 1112 2594 ho·

90 2611 130 2672 ais
143 2620 292 2696 operibus,
308 2623 369 2681 sine
384 2621 441 2680 alio
455 2632 599 2700 respectu,
617 2623 676 2680 vita
691 2631 810 2681 acterua
827 2622 909 2680 iustis
927 2620 1110 2701 promittitur.

92 2700 119 2758 6.
137 2699 270 2765 Naturali
291 2707 355 2784 lege
375 2707 556 2765 coustitutum
576 2707 630 2764 fuit
647 2707 767 2777 homini,
791 2717 836 2776 ut,
856 2708 879 2764 si
898 2707 927 2765 in
946 2704 1113 2769 obedientia

92 2801 301 2864 perseveraret,
320 2791 355 2851 ad
371 2811 434 2851 eam
452 2792 537 2853 vitam
557 2792 755 2870 pertransiret,
773 2793 803 2849 iu
818 2810 873 2870 qua
886 2791 960 2850 mori
974 2811 1031 2849 non
1045 2811 1112 2869 pos·

92 2879 144 2928 set.
189 2881 220 2938 7.
244 2876 332 2938 Primi
356 2877 476 2936 hominis
498 2876 603 2955 integri
626 2876 728 2934 merita
745 2876 861 2934 fuerunt
877 2877 986 2953 primae
1007 2875 1112 2934 croatia

93 2955 152 3013 onis
170 2979 299 3036 munera;
318 2961 369 3022 sed
387 2965 467 3021 iuxta
485 2961 595 3022 modum
617 2958 749 3040 loquendi
764 2961 925 3038 scripturae
939 2978 1040 3021 sactae
1055 2980 1112 3020 noa

94 3051 170 3101 recte
192 3049 464 3126 vocantur'gratia,
488 3067 543 3127 quo
561 3047 602 3118 fit,
619 3057 650 3106 ut
671 3055 778 3104 tantum
801 3046 917 3116 merita,
945 3046 1112 3108 nunctiant

96 3128 185 3197 gratia
215 3129 342 3193 debeant
372 3135 538 3212 nuncupari.
588 3138 616 3196 8.
653 3131 685 3191 ln
716 3130 871 3209 redemptis
901 3150 954 3210 per
989 3132 1112 3210 gratiam
1169 3155 1174 3160 ·

96 3205 197 3272 Christi
221 3220 327 3279 nullum
351 3219 471 3278 inveniri
494 3229 589 3298 potest
611 3218 716 3278 honum
738 3218 882 3288 meritum,
906 3214 982 3295 quod
1000 3236 1057 3276 non
1075 3217 1113 3278 sit

58 3369 61 3374 Δ
97 3298 180 3366 gratis
202 3302 321 3383 indigno
346 3305 488 3363 collatum.
534 3309 563 3368 9.
588 3303 671 3362 Dona
694 3322 834 3362 concessa
855 3303 962 3362 homini
985 3301 1111 3380 integro,

97 3387 124 3433 ct
139 3388 243 3462 angelo
253 3389 384 3461 forsitan,
404 3410 460 3448 nou
474 3386 661 3468 improbanda
675 3391 786 3448 ratione
801 3397 920 3468 possunt
934 3385 992 3448 dici
1006 3390 1112 3465 gratiae

95 3463 144 3521 sed
162 3473 226 3546 quia
244 3474 398 3535 secundum
417 3493 496 3534 usum
515 3494 616 3535 sacrae
635 3475 794 3554 scripturae
813 3474 926 3533 nomine
944 3474 1056 3552 gratiae
1076 3491 1112 3533 ea

98 3553 199 3614 tantum
222 3577 340 3620 munera
362 3561 571 3640 intelliguntur,
596 3580 667 3641 quae
690 3579 744 3640 per
766 3559 858 3620 lesum
879 3555 1020 3618 Christum
1038 3557 1111 3618 male

98 3642 267 3704 merentihus
286 3658 316 3707 ct
333 3645 457 3726 indignis
481 3648 680 3718 conternntur,
703 3643 769 3705 idco
788 3664 880 3724 neque
899 3647 1000 3706 merita
1019 3664 1111 3724 neque

100 3733 218 3800 merces,
243 3751 314 3810 quae
337 3733 393 3792 illis
415 3732 558 3805 redditur,
583 3733 677 3811 gratia
701 3729 759 3791 dici
781 3729 876 3791 dehet.
924 3738 973 3796 10.
999 3729 1111 3791 Solutio

99 3817 204 3875 Poenae
226 3819 401 3899 temporalis,
425 3839 498 3898 quae
520 3828 643 3900 peccato
667 3816 782 3876 dimisso
806 3834 893 3897 saepe
916 3827 1059 3888 remanet,
1084 3825 1114 3876 et

101 3899 226 3968 ΕΜΙΝἯΒ
248 3907 437 3976 resurrectio,
463 3908 659 3986 proprienon
678 3906 733 3964 nisi
749 3905 858 3964 meritis
878 3902 984 3964 Christi
1004 3901 1113 3962 adseri·

147 3985 231 4040 coro.
251 3999 406 4046 rnnoarar.
903 3995 942 4052 18
