2654 4334
202 269 278 350 ‘soe
402 283 1033 344 sunussursnrosuuuurro.
1106 323 1113 331 .

87 460 89 466 ·
120 417 123 430 ¹
181 456 182 459 ¹
203 443 331 503 ntorum,
353 430 505 491 habendas
523 438 557 489 ct
569 427 743 489 'renuendas
762 445 837 498 esse,
861 435 951 504 atqua
969 425 1012 486 eis
1029 425 1157 492 debitum
1175 425 1231 486 lo-

202 534 303 578 norcm
321 535 359 577 ac
376 517 595 576 emanationem
614 514 854 591 impertiendam
873 511 1124 588 indulgentiarum
1139 513 1230 570 ctiam

196 612 376 683 potestatem
395 621 413 662 a
434 601 549 661 Chresto
569 603 600 659 in
620 599 745 658 ecclesio
767 597 902 656 relictam
915 591 1028 673 sus‘ssc,
1054 597 1230 676 illarumque

201 707 281 750 usum
293 689 462 749 Glorostsano
476 686 590 766 populo
607 685 734 744 manime
751 682 911 742 salutarem
926 701 987 741 esse
1002 678 1125 758 affirmo.
1152 683 1231 742 Saa-

201 785 278 835 ctam
297 773 473 834 catholicam
492 781 525 830 et
540 770 732 849 apostolicam
750 771 908 828 Romanam
931 767 1085 827 ecclesiam
1103 769 1230 828 omnnium

202 861 392 920 ecclesiarum
410 867 532 917 matrem
551 866 583 915 et
598 857 769 933 magistram
789 871 936 931 agnosco,·
955 854 1230 932 Romanoquel’on-

202 943 289 1024 tifici,
317 944 402 1004 beati
420 945 506 1002 Petri
520 941 732 1020 Apostolorum
751 940 899 1018 principis
918 939 1085 998 successori
1105 957 1142 998 ac
1162 939 1231 1010 Iesu
1319 1009 1320 1028 Χ

204 1031 318 1090 Christi
331 1030 457 1098 nicorio,
477 1046 577 1086 ueram
596 1025 793 1085 obedientiam
810 1025 941 1102 spondeo
960 1042 996 1084 ac
1014 1026 1091 1083 iuro.
1121 1025 1231 1084 Cetera
1319 1031 1320 1088 i

202 1119 271 1174 item
280 1115 512 1175 omniaasacris
521 1110 684 1172 canonibus
693 1120 724 1170 ct
733 1111 927 1170 oecumenicos
935 1109 1078 1181 concilies,
1093 1127 1131 1171 cc
1136 1128 1231 1189 prae·
1319 1107 1320 1162 i

202 1203 288 1278 cipue
305 1219 324 1258 a
345 1208 539 1259 socrosancta
566 1197 742 1258 Tridentino
764 1195 878 1273 synodo
902 1195 1029 1265 tradita,
1053 1194 1176 1274 definita
1201 1204 1234 1255 ct

203 1287 373 1356 declarata,
407 1283 611 1343 indubitanter
636 1283 749 1359 recipio
778 1290 867 1359 atquc
888 1279 1049 1358 profiteor,
1085 1280 1232 1358 simulque

198 1367 354 1427 contrario
386 1369 497 1438 omnia,
536 1378 625 1448 atquc
651 1371 791 1430 haereses
821 1386 1008 1448 pascuaque
1036 1367 1074 1428 al
1101 1367 1233 1430 ecclesiia

198 1453 354 1511 damnatos
388 1463 422 1511 et
451 1457 595 1524 reiectas,
636 1464 668 1513 ct
706 1455 978 1515 anathematizatas
1013 1472 1069 1530 ego
1106 1455 1231 1532 pariter

200 1541 320 1612 damno,
344 1541 449 1599 reticio
473 1549 505 1598 ct
526 1538 759 1615 anathematiao.
813 1541 899 1599 Ilanc
925 1558 1023 1599 oerum
1050 1541 1234 1604 causticam

198 1625 301 1702 tidem,
326 1635 414 1685 estro
436 1643 522 1708 quam
545 1643 628 1684 nemo
651 1625 750 1684 suiuus
768 1643 830 1683 esse
844 1633 957 1702 potest,
981 1643 1066 1702 quam
1089 1627 1121 1684 in
1134 1645 1236 1704 prae,

198 1714 279 1770 senti
301 1720 406 1788 spomc
424 1709 574 1788 profiteor
591 1719 622 1768 ot
638 1711 788 1768 ueraciter
810 1718 909 1780 teneo,
934 1710 1055 1769 candem
1078 1713 1230 1790 integrans

199 1805 232 1856 ct
247 1796 463 1856 immaculatam
481 1815 572 1874 usque
591 1797 631 1854 ad
647 1805 809 1854 entremum
832 1797 912 1856 vitae
934 1797 1069 1872 spiritum
1087 1806 1230 1856 constan·

95 1913 98 1918 ·
199 1883 308 1940 tissime
333 1883 412 1953 (Deo
437 1882 612 1957 adiuvante)
635 1883 768 1940 rotinere
786 1889 818 1941 ct
833 1879 983 1958 confiteri,
1012 1890 1100 1959 atquc
1120 1901 1139 1940 a
1157 1881 1230 1942 meis

197 1966 338 2038 subditus,
364 1967 415 2026 acl
434 1968 509 2038 illis,
533 1985 655 2046 quorum
677 1985 751 2026 cura
770 1966 811 2025 ud
826 1985 870 2024 mc
888 1968 919 2024 in
937 1985 1057 2026 munere
1079 1986 1143 2026 mco
1161 1987 1231 2046 spe·

38 2051 41 2060 ⁴
93 2058 96 2067 '
198 2051 307 2123 etaln't,
336 2055 445 2125 teucri,
473 2053 578 2112 doceri
601 2061 635 2130 ot
654 2053 845 2130 praedicari,
874 2061 1012 2128 quantum
1035 2053 1067 2112 in
1088 2071 1135 2111 mc
1158 2055 1229 2124 crit,
1319 2087 1320 2120 i

198 2147 383 2208 curaturum,
410 2156 469 2216 ego
494 2140 571 2198 idem
588 2137 628 2197 N.
646 2138 793 2215 spondeo,
820 2156 909 2196 oooeo
938 2155 975 2198 aa
989 2139 1077 2200 euro.
1112 2139 1165 2198 Sic
1183 2157 1229 2197 mc
1319 2139 1320 2212 i

196 2224 277 2281 Deus
295 2223 417 2283 adnitoct
432 2233 461 2281 et
478 2225 553 2282 iaec
569 2232 675 2282 sancto
691 2224 753 2282 Dei
767 2223 934 2300 euangelia.
996 2237 1000 2242 ·

284 2306 420 2368 Volumus
448 2319 542 2368 nutem
570 2307 646 2388 quod
673 2317 842 2386 praesentes
869 2309 970 2366 literae
997 2308 1026 2365 in
1050 2309 1228 2368 cancellaria

196 2403 296 2453 nostra
318 2395 479 2473 apostolica
502 2393 538 2453 de
562 2413 642 2454 more
666 2394 807 2472 leguntur.
857 2391 895 2452 Et
916 2403 947 2452 ut
965 2392 1094 2452 omnibus
1112 2394 1226 2453 facilius

195 2488 322 2556 pateant,
341 2481 371 2537 in
389 2478 451 2537 eius
470 2479 622 2556 quintcrno
640 2477 850 2550 describantur,
870 2498 906 2538 oe
919 2479 1004 2540 etium
1018 2479 1224 2557 imprimantur.

280 2560 359 2621 Nulli
378 2581 450 2640 ergo
469 2563 585 2623 omniuo
603 2563 747 2622 homiuum
765 2561 853 2625 licent
869 2565 943 2624 hune
961 2564 1094 2644 paginam
1109 2575 1226 2626 nostrae

193 2648 348 2708 voluntatis
367 2658 398 2707 et
414 2646 539 2706 mandati
561 2649 734 2728 infringere,
761 2649 808 2709 vel
831 2651 859 2710 ei
882 2669 952 2712 ausu
975 2653 1131 2710 temerario
1155 2671 1225 2711 con-

194 2735 293 2794 traire.
344 2731 376 2794 Si
395 2733 456 2813 quis
474 2743 569 2794 nutem
587 2735 643 2795 hoc
662 2744 805 2796 attentare
827 2736 1062 2816 praesumpserit,
1091 2735 1224 2816 indignu-

194 2821 300 2881 tioncm
320 2821 523 2900 omnipotentis
542 2821 597 2881 Dei
620 2841 654 2880 oc
677 2822 826 2882 hestorum
848 2821 926 2882 Petri
950 2832 980 2882 et
997 2821 1077 2881 Pauli
1095 2820 1223 2902 Aposto-

52 2939 69 2969 .·
137 2932 138 2935 ’
194 2904 285 2966 lorum
304 2906 366 2966 eius
384 2925 415 2966 se
434 2908 548 2966 noverit
564 2909 752 2968 incursurum.
780 2907 881 2967 Danum
892 2907 1223 2987 Romeeupudsuuctum

29 3018 35 3038 ι
90 3035 95 3040 -
133 3028 162 3050 -,
193 2989 323 3065 Petrum,
347 3012 423 3051 anno
442 2991 652 3053 lucarnetionis
675 2992 836 3053 dominicae
854 2992 1025 3065 struxit„
1045 2993 1143 3054 Idibus
1161 2993 1223 3054 No-

192 3077 295 3150 vemb.‚
315 3077 501 3138 Pontificatus
519 3080 610 3138 nostri
629 3099 703 3138 anno
722 3077 759 3138 V.

667 3179 735 3242 ch.
756 3179 916 3240 cardinalis
935 3181 1091 3241 Caesius.

877 3284 947 3344 Gne.
967 3281 1178 3344 Glorierius.

81 3447 85 3450 ·
140 3435 178 3477 ass
276 3423 384 3482 Lectae
394 3431 427 3481 ct
432 3421 608 3500 publicatae
616 3418 751 3500 suerunt
761 3424 983 3500 suprascriptae
993 3423 1101 3482 literae
1111 3424 1218 3482 Romae

191 3508 220 3564 in
249 3508 434 3566 cancellaria
466 3509 651 3586 apostolica,
689 3527 767 3568 cano
795 3509 1018 3568 lncaraan'onir
1054 3508 1218 3568 dominicas

189 3589 377 3663 Motum„
401 3593 450 3652 dic
476 3611 547 3652 oeno
573 3593 701 3665 sabboti,
721 3595 776 3654 IX.
800 3595 906 3654 mensis
926 3592 1113 3665 Decembris,
1141 3596 1217 3652 Pon·

191 3673 320 3752 instratus
341 3679 522 3737 sanctissimi
537 3681 568 3738 in
589 3679 704 3739 Christo
723 3681 824 3738 Patres
846 3691 879 3739 ct
898 3680 1011 3740 domini
1030 3681 1141 3750 nostri,
1165 3679 1217 3738 do·

189 3759 264 3818 ami
277 3760 328 3818 Pii
341 3763 442 3838 Papae
459 3764 523 3836 tt„
543 3782 622 3823 anno
642 3765 677 3825 V.
1049 3819 1055 3826 .

764 3849 803 3908 Α.
823 3849 1173 3912 Lomcllinus'Gustos.
1319 3879 1320 3956 p

599 3975 808 3988 -ι--ι--η--ψ-
