2654 4330
225 221 228 238 ”
285 265 536 332 ειειιοιιιιν.
570 266 928 326 nurum-nussum
1048 273 1119 334 ιη

94 409 190 490 inceps
218 397 311 468 liceat‘
335 407 530 488 superioribus
552 406 628 468 bona
650 407 764 470 stabilia
790 409 876 471 alicui
899 409 1024 491 regulari
1048 431 1117 473 con·
1239 459 1254 468 .

94 496 212 567 cedere,
233 495 321 554 etiam
335 493 372 553 ad
384 495 591 554 usumfructum
610 495 657 554 vel
670 513 763 566 usum,
782 493 1055 558 administrationem
1070 509 1118 558 aut
1130 495 1169 554 aab

93 579 302 642 commendam.
358 577 577 640 Administratio
601 591 696 642 autem
717 579 857 641 bonorum
880 584 1116 644 monasteriorum

93 687 141 727 seu
158 676 353 726 conventuum
375 663 412 724 ad
429 663 509 726 solos
530 663 667 726 officiales
688 663 845 726 eorundem
863 666 1014 728 adnutum
1033 688 1119 748 supa·

93 755 196 812 riorum
216 751 385 810 amovibiles
407 751 561 829 pertineat.
606 750 761 831 dlobilium
777 770 847 811 vero
869 771 948 812 usum
971 755 1012 812 ita
1034 773 1118 833 supc-

93 840 182 898 riores
200 837 384 918 permittant,
406 844 554 895 uteorum
573 837 704 915 supellex
720 839 805 896 statui
823 840 1014 918 paupertatis,
1034 857 1117 919 quam

92 923 213 1002 professi
241 932 322 993 suut,
350 921 516 992 conveniat,
543 921 669 1000 nihilque
695 923 831 1001 superflui
858 924 887 982 iu
913 941 949 984 ea
972 925 1019 994 sit,
1047 923 1116 984 nibil

92 1011 188 1081 etiam,
215 1006 297 1087 quod
324 1009 361 1066 sit
387 1007 594 1078 necessarium,
623 1009 666 1066 eis
692 1005 861 1087 denegetur.
907 1007 990 1082 Quod
1012 1011 1037 1068 si
1055 1011 1117 1089 quis

87 1093 172 1153 ‘aliter
199 1095 352 1174 quicquam
378 1102 479 1152 tenere
506 1091 700 1173 deprehensus
722 1103 772 1152 aut
793 1093 941 1154 convictus
964 1094 1064 1167 inerit,
1093 1097 1117 1154 is

93 1178 204 1238 biennio
223 1180 321 1238 activa
343 1187 374 1237 et
390 1179 503 1256 passiva
519 1195 593 1238 voce
610 1179 737 1258 privatus
755 1180 805 1249 sit,
828 1188 915 1258 atque
934 1181 1018 1240 etiarn
1038 1181 1116 1240 iuxta

92 1283 156 1324 suae
174 1264 297 1343 regulae
316 1274 347 1323 et
364 1261 472 1323 ordinis
491 1264 710 1323 constitutiones
727 1266 868 1341 puniatur.

94 1387 118 1432 0.
130 1387 170 1435 lll.
189 1384 287 1433 Omnia
299 1359 473 1446 monasteria,
488 1398 555 1446 quae
568 1383 611 1431 bie
619 1398 670 1441 non
679 1383 859 1446 probibentur,
867 1385 1117 1446 possuntpossidera
1161 1447 1163 1454 y

93 1453 155 1502 bona
165 1453 317 1502 immobilia.
337 1451 464 1500 Numerus
469 1466 642 1513 personarum
656 1456 684 1499 ia
693 1453 801 1514 illisvro
811 1453 882 1500 modo
891 1454 1058 1520 facultatum
1069 1461 1117 1502 aut

116 1520 544 1588 eleemosyaaramcoastituendas.
572 1520 652 1568 Natta
661 1522 716 1571 siae
725 1522 832 1568 licentia
841 1523 954 1584 episcopi
960 1524 1091 1584 erigenda.

157 1602 320 1668 ..Concedit
337 1615 437 1666 sancta
454 1603 581 1684 synodus
600 1605 728 1664 omnibus
738 1601 918 1665 monasteriis
932 1616 962 1666 et
976 1605 1115 1680 domibus,

93 1699 144 1750 tant
163 1694 291 1752 virorum
314 1709 397 1771 quam
414 1690 577 1762 mulierum,
605 1699 636 1750 et
652 1689 887 1762 mendicantium,
916 1694 1045 1772 exceptis
1065 1689 1117 1752 do·

95 1777 178 1838 nibus
196 1779 319 1838 fratrum
338 1777 429 1842 sancti
448 1773 593 1836 Francisci
605 1778 643 1849 1),
664 1774 873 1856 Cnpucinorum
891 1786 922 1836 et
940 1795 1049 1850 eorum,
1069 1779 1117 1858 qui

94 1857 228 1924 llinorum
248 1861 287 1922 de
306 1861 489 1922 observantia
510 1870 664 1932 vocantur,
687 1863 774 1920 etiam
797 1858 898 1941 quibus
920 1871 969 1922 a'ut
991 1875 1028 1923 ex'
1046 1883 1117 1923 con·

96 1949 284 2008 stitutionibus
302 1949 360 2007 suis
378 1957 442 2007 erat
458 1945 645 2026 prohibitum,
664 1955 713 2004 aut
730 1965 768 2005 ex
784 1946 936 2026 privilegio
955 1949 1115 2025 apostolico

95 2049 146 2090 uon
163 2044 227 2093 erat
246 2051 426 2103 concessum,
444 2041 476 2092 ut
493 2030 631 2110 deinceps
647 2030 725 2090 bona
742 2031 896 2091 immobilia
914 2033 957 2092 eis
966 2031 1115 2110 possidere

94 2115 183 2178 liceat.
230 2117 315 2194 Quod
337 2119 361 2178 si
384 2117 478 2198 aliqua
496 2118 561 2178 loca
579 2135 617 2176 ex
633 2116 804 2196 praedictis,
824 2115 923 2196 quibus
942 2119 1115 2179 auctoritate

96 2205 247 2280 apostolica
271 2204 373 2264 similia
391 2204 467 2262 bona
484 2199 634 2282 possidere
652 2203 818 2282 permissum
837 2213 914 2274 erat,
933 2205 975 2263 eis
993 2204 1115 2283 spoliata

95 2289 158 2362 sint,
180 2289 285 2352 eadem
308 2290 401 2349 omnia
423 2289 479 2349 illis
502 2285 679 2349 restituenda
702 2305 766 2348 esse
790 2287 930 2348 decernit.
975 2288 1007 2348 ln
1030 2307 1116 2369 prae·

97 2369 173 2435 dictis
194 2388 292 2437 autem
314 2376 495 2434 monasteriis
518 2385 547 2434 et
570 2372 699 2432 domibus
721 2383 779 2432 tam
800 2374 927 2432 virorum
949 2391 1031 2453 quam
1055 2394 1116 2434 mn·

95 2455 202 2534 lierum,
226 2462 304 2522 bona
326 2459 481 2520 immobilia
503 2458 714 2540 possidentibus
735 2459 782 2519 vel
808 2478 865 2517 non
892 2458 1114 2538 possidentibus,

96 2543 117 2601 is
132 2555 236 2606 tantum
256 2565 389 2606 numerus
408 2547 634 2621 constituatur2)
654 2565 689 2606 ac
707 2547 736 2605 in
753 2555 902 2624 posterum
916 2556 1113 2619 conservetur,
1127 2577 1164 2620 ῃ,
1220 2547 1222 2556 ’

97 2631 139 2706 qui
154 2633 199 2692 vel
218 2653 257 2694 ex
275 2631 414 2693 reditibus
436 2632 561 2712 propriis
578 2632 830 2704 monasteriorum,
848 2631 896 2691 vel
914 2649 952 2690 ex
969 2634 1114 2692 consuetis

97 2713 280 2800 eleemosynis
299 2713 448 2778 commode
466 2715 558 2797 possit
580 2718 748 2788 sustentari3
767 2736 822 2776 uec
841 2714 876 2776 de
896 2725 996 2776 cetero
1012 2717 1119 2778 similia¹

96 2795 154 2858 loca
171 2806 320 2884 erigantur
337 2805 398 2862 siue
417 2803 559 2882 episcopi,
587 2803 616 2862 in
635 2803 716 2862 cuius
733 2799 862 2862 dioecesi
881 2800 1021 2882 erigenda
1038 2813 1113 2876 sunt,

96 2881 205 2948 licentia
221 2892 301 2969 prins
320 2888 446 2948 obtenta.

97 3002 120 3048 fl·
136 3007 175 3058 Ill.
206 3010 347 3072 Regularir
362 3011 417 3056 uina
430 3011 572 3069 reperiaris
585 3009 751 3070 licentiores
764 3020 792 3054 se
807 3007 925 3068 obsequio
939 3007 1050 3054 alterius
1063 3008 1116 3056 ioci

97 3080 140 3120 aut
157 3090 285 3137 personae
307 3079 443 3140 subiiciat,
463 3095 510 3130 noc
524 3092 542 3124 a
564 3084 689 3126 conventa
707 3075 819 3123 recedat.
853 3072 951 3123 Absens
969 3075 1113 3123 studiorum

345 3158 427 3194 eausa
449 3147 477 3193 in
494 3148 659 3194 conventibus
677 3149 856 3193 commoretur.

171 3228 309 3292 Prohibet
326 3240 427 3291 sancta
444 3227 583 3310 synodus,
603 3249 639 3290 ne
658 3232 719 3309 quis
737 3229 878 3308 regularis
896 3229 959 3288 sine
973 3230 1016 3289 sui
1028 3249 1111 3308 supe·

55 3355 58 3360 .
96 3309 173 3371 rionis
203 3317 321 3378 licentia
347 3314 585 3395 praedicationis,
611 3317 658 3374 vel
685 3315 819 3375 lectionis
845 3323 898 3373 aut
923 3316 1046 3374 cuiusvis
1072 3318 1113 3394 pii

98 3400 186 3472 operis
203 3412 355 3481 praetextu
373 3400 506 3462 subiiciat
524 3419 555 3460 se
580 3400 717 3480 obsequio
735 3401 856 3462 alicuius
873 3401 1009 3479 praelati,
1033 3401 1111 3480 priu-

97 3479 173 3557 cipis,
189 3489 235 3548 vel
258 3488 450 3548 universitatis
472 3487 519 3546 vel
547 3488 769 3557 communitatis,
797 3497 847 3546 aut
873 3486 991 3546 alterins
1019 3489 1112 3546 cuius-

97 3579 198 3647 cutque
220 3593 362 3652 personne
385 3593 436 3634 seu
454 3572 513 3632 loci
521 3573 565 3648 ³),
589 3590 681 3651 neque
704 3573 733 3632 ei
755 3570 908 3651 aliquando
930 3572 1111 3651 privilegium

100 3671 299 3696 Ὰ--υι

145 3725 458 3788 Seas.XXV.1>ei.CIsm.
469 3733 509 3777 cit.
536 3736 655 3786 amantes.
666 3731 1015 3790 rum-antestatus.
1026 3734 1113 3781 ethan.
1140 3701 1143 3707 ·

98 3774 148 3874 33.
157 3783 199 3828 111.
210 3791 229 3832 1.
236 3787 437 3884 ¹(ilrelpornvillil‘.)
452 3801 471 3881 pi
483 3746 589 3882 1.ἛΧ.νιΙιοΙ
590 3788 671 3882 pontit.
680 3784 763 3880 ³libri.
775 3789 988 3882 teppcblipppiw.)
1003 3803 1022 3884 p
1033 3803 1071 3831 un.
1083 3791 1111 3832 de

99 3847 185 3971 'lliarrdd
206 3870 225 3934 c:
235 3839 296 3936 inid.
303 3845 336 3934 tdoe
346 3871 389 3935 off]
397 3846 535 3936 iuddoroddf.
545 3893 578 3934 dl.
590 3843 678 3936 idduae.
704 3851 748 3940 li.)
756 3851 832 3933 did..
842 3868 874 3933 Χ.
885 3903 913 3932 ue
930 3844 1110 3936 clddffiddffi

123 3931 139 3974 ¹·
147 3937 178 3980 5⁰.
188 3941 264 3991 (Alex.
274 3941 330 3997 111.)
341 3957 361 3986 c.
372 3946 391 3986 l.
402 3943 423 3998 d.
433 3946 454 3986 5.
465 3943 493 3986 de
502 3945 566 3986 statu
574 3954 634 3984 mou.
645 3943 669 3984 iu
680 3938 753 3984 ctera.
763 3939 811 3985 tlt.
821 3943 853 3984 1⁰.
864 3937 949 3996 (Glem.
959 3938 1000 3994 V.)
1016 3994 1017 3997 Ἰ

151 4012 227 4059 conc.
246 4019 374 4077 munuum
542 4078 561 4086 ,η
660 4069 685 4076 ..
899 4001 940 4060 12
