2652 4330
182 239 232 296 ⁸!
378 235 544 292 assato
564 234 609 286 vl.
638 232 700 286 DE
721 234 1008 288 tust'lrtcau.

147 395 173 436 42
250 379 278 428 (l.
295 377 353 426 ΧΗ.
386 375 638 424 Praedutt'auta'eaa't
647 376 825 488 ‘pomerariam
839 377 1073 436 praesumptionem
1092 393 1139 426 oa-

600 456 646 489 aea
664 457 706 488 am
728 456 790 490 eoae.

267 529 360 592 Nemo
380 547 502 609 quoque,
522 525 654 607 quamdiu
672 529 701 586 in
719 526 773 586 hac
792 527 965 587 mortalitate
979 529 1093 602 vivitur,
1112 528 1149 589 de
1163 550 1211 590 ar·
1315 555 1316 565 ¹

184 636 256 678 cano
284 615 398 675 divinae
426 612 701 693 praedestinationis
724 613 860 692 mysterio
884 632 972 692 usque
996 611 1069 674 adeo
1092 634 1212 695 praesu·

182 721 261 764 mere
280 700 382 771 debet,
400 711 433 758 ut
451 709 533 759 certo
552 708 659 757 statuat
676 691 708 757 se
727 698 841 756 omnino
860 717 924 758 esse
943 700 972 758 in
990 718 1108 759 numero
1125 720 1211 780 prae·
1316 737 1317 763 l

162 786 388 866 ,destinatorum
403 787 447 860 ¹),
475 785 554 863 quasi
572 802 671 842 verum
689 792 781 853 esset,
806 781 881 862 quod
899 783 1068 846 iustificatus
1086 795 1135 842 aut
1153 804 1213 843 am·
1316 795 1317 808 ¹

161 873 256 952 plius
279 889 403 948 peccare
423 889 479 928 non
497 870 602 947 possit,
627 877 689 936 aut,
714 868 738 922 si
755 868 936 940 peccaverit,
965 878 1072 926 certam
1086 868 1147 927 sibi
1165 887 1212 928 re·

162 956 377 1034 lsipiseentiam
400 955 569 1030 promittere
593 946 709 1007 debeat.
754 945 828 1006 Nam
848 951 904 1032 pisi
927 969 965 1009 ex
987 953 1105 1032 speciali
1128 972 1213 1014 reve·
1317 981 1318 991 ¹

183 1042 291 1099 latione
309 1037 379 1098 sciri
398 1055 455 1122 non
473 1045 678 1122 tabehel&
691 1031 768 1092 Deus
787 1032 841 1092 sibi
859 1034 990 1112 elegerit.
1023 1023 1030 1033 ⁸
1074 1021 1107 1036 “⁸
1126 1019 1207 1043 m*

437 1191 463 1236 0.
478 1188 546 1235 Xlll.
569 1186 611 1233 De
620 1189 836 1248 perueoeraaa‘ue
849 1202 959 1235 munere.

270 1274 409 1336 Similiter
423 1272 459 1333 de
473 1273 706 1353 perseverantiae
717 1291 843 1344 munere,
855 1270 891 1331 de
903 1293 957 1352 quo
968 1275 1104 1354 scriptum
1114 1283 1158 1335 est
1167 1279 1213 1358 ²):

187 1366 247 1442 Qui
258 1361 503 1441 perseveraverat
516 1377 607 1438 usqae
626 1361 656 1416 a'n
665 1357 771 1436 finem,
789 1358 838 1416 laic
854 1358 953 1417 salvus
972 1361 1038 1430 crit,
1059 1358 1133 1438 quod
1153 1363 1216 1439 qui-

185 1449 249 1508 dem
269 1445 382 1506 aliunde
401 1445 501 1504 haberi
520 1462 577 1502 non
595 1452 700 1522 potest,
719 1443 773 1500 uisi
788 1441 823 1501 ab
839 1461 885 1514 eo,
904 1445 951 1521 qui
965 1454 1068 1523 potens
1081 1455 1126 1504 est
1139 1464 1215 1518 eum,
1319 1420 1320 1500 l

186 1535 235 1614 qui
253 1542 311 1592 stat
322 1532 368 1606 ⁸),
387 1541 524 1601 statuere,
544 1536 575 1587 ut
593 1537 815 1608 perseveranter
831 1537 897 1598 stet,
918 1539 1039 1599 etcum,
1061 1531 1108 1608 qui
1127 1529 1215 1602 cadit,

186 1619 360 1678 restituere:
388 1635 473 1675 nemo
497 1613 551 1674 sibi
570 1615 644 1673 certi
663 1611 769 1694 aliquid
787 1611 919 1672 absoluta
938 1613 1110 1674 certitudine
1129 1616 1217 1695 polli·
1320 1664 1321 1680 ,

187 1714 302 1776 ceatur,
325 1703 440 1762 tametsi
463 1702 492 1758 in
510 1699 565 1759 Ilei
588 1697 694 1758 armilla
718 1698 904 1758 firmissimam
923 1713 1002 1778 spem
1020 1700 1166 1760 collocare
1186 1712 1219 1762 et
1320 1735 1321 1740 κ

185 1809 330 1869 reponere
349 1806 447 1847 omnes
461 1785 577 1846 debent.
614 1784 692 1845 Deus
707 1785 792 1856 enim,
811 1784 865 1844 nisi
880 1785 934 1863 ipsi
949 1785 1024 1845 illius
1037 1787 1149 1864 gratiae
1164 1785 1218 1846 de-

185 1875 301 1950 fuerint,
321 1875 396 1938 sicut
414 1873 512 1952 coepit
530 1891 601 1951 opus
615 1871 769 1944 bonum⁴)‚
788 1871 829 1928 ita
843 1870 985 1949 perlloiet,
1005 1890 1127 1950 operans
1141 1872 1217 1932 velle
1321 1908 1322 1924 .

186 1977 217 2024 et
233 1965 384 2044 perficere.
429 1957 634 2022 Verumtamen
661 1958 708 2036 qui
735 1975 766 2015 se
794 1955 957 2015 existimant
982 1967 1073 2029 stare,
1100 1957 1219 2017 videant

185 2070 222 2109 ne
242 2048 347 2110 cadant
359 2049 404 2124 ⁵),
433 2059 463 2106 et
487 2068 549 2106 cum
565 2043 676 2104 ‘timore
699 2061 734 2101 ac
758 2052 883 2115 tremore
907 2042 1027 2102 salntem
1050 2064 1128 2104 suana
1147 2063 1218 2124 ope-

186 2145 286 2195 rentur
303 2137 331 2192 in
350 2133 495 2193 laboribus
509 2130 553 2206 ⁶),
572 2127 738 2208 invigiliis,
757 2128 786 2185 in
805 2127 1009 2208 eleemosynis,
1030 2129 1058 2187 in
1078 2130 1219 2189 orationi·

150 2219 238 2280 tubus
257 2231 288 2279 et
305 2216 511 2286 oblationibus,
540 2217 569 2274 in
588 2217 701 2274 ieiuniis
719 2223 751 2274 et
768 2213 910 2272 castitate.
956 2212 1122 2276 Formidare
1142 2216 1218 2276 enim

187 2305 307 2378 debent,
327 2304 467 2375 scientes,
487 2299 562 2380 quod
581 2301 610 2371 in
629 2319 707 2378 spem
726 2298 837 2379 gloriae
850 2299 894 2376 ²),
915 2309 945 2362 et
962 2297 1087 2363 nondum
1106 2303 1134 2361 in
1153 2301 1220 2380 glo-

186 2393 258 2451 riam
281 2390 375 2450 renati
398 2398 476 2457 sunt,
505 2385 540 2444 de
559 2405 668 2464 pugna,
697 2406 770 2465 quae
788 2400 920 2467 superest
938 2408 1001 2449 cum
1021 2409 1124 2464 carne,
1152 2409 1219 2450 cum

186 2474 305 2545 mundo,
335 2493 398 2533 curn
417 2469 548 2543 diabolo,
575 2472 604 2529 in
623 2491 680 2550 qua
695 2474 823 2532 victores
841 2493 905 2534 esse
925 2495 982 2532 non
999 2486 1134 2556 possunt,
1162 2476 1220 2535 nisi

187 2581 251 2621 cnm
273 2559 328 2618 Dei
352 2558 446 2636 gratia
468 2554 613 2644 Apostolo
635 2555 843 2637 obtemperent,
867 2557 975 2619 dicenti
989 2563 1034 2634 ⁸):
1056 2562 1221 2622 cht'tores

186 2665 283 2706 sumus
304 2664 364 2704 noa
383 2645 478 2714 carna}
498 2651 531 2701 at
548 2644 706 2702 secandam
724 2662 843 2703 carnem
861 2647 1007 2720 aa'aomus3
1032 2648 1062 2706 ai
1078 2649 1154 2706 erim
1171 2665 1222 2706 se-

188 2732 312 2790 cundum
334 2748 453 2789 caraem
475 2729 621 2798 viceritis,
645 2730 826 2802 moriemini}
849 2732 880 2788 ai
895 2740 990 2790 eutem
1008 2734 1117 2810 spai‘itu
1126 2728 1221 2810 suctu

132 2854 135 2860 ,
188 2817 288 2876 camai
306 2811 575 2894 morbfioaaeritab,
594 2815 712 2872 vivetis.

402 2969 429 3016 G.
447 2967 515 3016 XIV.
537 2965 579 3014 De
592 2967 674 3029 laptt't
687 2972 814 3014 eteorum
828 2972 1003 3029 reparatione.

274 3053 327 3127 Qui
349 3072 419 3114 vero
442 3052 479 3111 ab
502 3063 623 3132 accepta
644 3051 854 3112 iustificationis
882 3055 975 3134 gratia
997 3074 1051 3134 per
1067 3065 1221 3133 peccatum

188 3138 361 3200 exciderunt
373 3139 413 3214 ⁹),
433 3157 530 3197 rursus
548 3137 697 3197 iustificari
715 3148 860 3217 poterunt,
880 3159 962 3218 quum
993 3141 1138 3200 excitante
1154 3139 1220 3200 Deo

188 3244 242 3305 per
258 3225 455 3304 poenitentiae
474 3233 683 3282 sacramentum
701 3225 804 3282 mersto
819 3223 926 3283 Christi
945 3227 1076 3286 amissam
1095 3227 1220 3304 gratiam

189 3328 364 3389 recuperare
386 3309 615 3388 procuraverint.
661 3307 715 3368 llic
734 3309 808 3368 enim
826 3310 1037 3370 iustificationis
1055 3309 1156 3370 modus
1174 3321 1222 3370 est

164 3417 169 3472 p
189 3395 275 3475 lapsis
293 3395 455 3474 reparatio,
484 3411 566 3473 mam
588 3393 833 3476 §ttllletttwlt
850 3395 1027 3474 naufragium
1047 3393 1221 3475 deperditae

162 3475 169 3550 ,ἶ
189 3482 301 3558 gratiae
318 3477 456 3562 „tab-„ulam
471 3480 564 3538 sancti
582 3477 683 3538 Patres
701 3490 767 3559 apte
785 3492 986 3560 nuncuparunt
997 3482 1059 3556 ¹⁰).
1104 3479 1221 3540 Etenim

189 3585 242 3644 pro
261 3566 310 3635 iis,
335 3565 382 3643 qui
400 3576 466 3642 post
483 3564 650 3643 baptismum
668 3565 696 3622 in
714 3573 836 3644 peccata
859 3566 1005 3640 labuntur,
1024 3565 1155 3625 Christus
1174 3564 1223 3624 le·

194 3690 407 3704 —n-—-

244 3744 373 3790 val.
392 3746 448 3796 llel
465 3745 667 3790 etaemv.
692 3751 740 3791 md.
762 3747 798 3790 An
829 3752 927 3802 nib—2
945 3748 1030 3794 naut.
1040 3747 1072 3792 X.
1082 3752 1116 3792 22.
1126 3747 1222 3794 XXlV.

191 3801 223 3843 18.
241 3821 267 3831 -
284 3760 696 3852 aJtton.X1v.e.-tt1³ltl.1.d.
749 3751 793 3850 bt
823 3799 900 3844 cmx.
937 3799 1223 3856 .-o)1³ttt11.ta.-

190 3847 347 3944 'idrddtdnb‘
355 3847 611 3954 ὅτιῐῦᾶηιὲιῃρῖἒέῐ
622 3853 654 3892 12.
665 3853 697 3893 lt.
712 3873 738 3883 -
751 3852 773 3904 ⁹)
789 3851 834 3894 vid.
849 3851 905 3894 infr.
919 3865 969 3897 can.
983 3855 1009 3896 23
1019 3857 1043 3896 et
1052 3853 1085 3895 Ἀ.
1099 3875 1126 3887 -
1139 3855 1172 3906 to)
1187 3850 1222 3896 ef.
