2654 4334
229 236 302 293 m
390 232 568 287 osonio
592 197 1098 288 usarrs11vsnss.unr.

228 375 419 434 invocationis
434 374 586 451 imaginum
605 383 635 432 et
652 372 843 452 reliquiarum,
863 382 948 451 atque
963 374 1049 432 etiam
1064 371 1264 452 indulgentia·

228 479 290 519 rum
309 459 423 518 ratione
441 458 577 518 abusuum
595 455 775 530 interdictio,
799 459 848 537 qui
866 475 961 516 rerum
980 459 1104 536 ipsarum
1123 459 1263 539 pulcher-

229 547 328 604 rimam
356 544 459 604 laciem
488 544 636 623 inquinare
659 553 744 623 atque
768 553 882 622 turpare
905 544 1005 602 mirum
1027 543 1056 600 in
1079 543 1196 603 modum
1218 547 1262 602 vi·

228 629 379 690 dabantur.

312 714 415 775 Altera
440 735 510 775 vero
538 733 618 793 pars,
645 714 675 772 in
701 732 756 793 qua
784 712 819 773 de
847 712 954 773 labenti
978 733 1013 773 ac
1031 733 1124 794 prope
1143 713 1262 776 cadeut'

228 801 430 861 ecclesiastica
449 799 599 879 disciplina
617 797 763 858 fulcienda
781 809 845 858 erat
862 798 1019 876 agendum,
1038 798 1261 877 diligentissime

228 887 314 946 etiam
332 885 463 945 absoluta
480 885 534 944 fuit
551 895 636 964 atque
653 884 795 963 perlecta.
839 883 992 962 Eligentur
1009 885 1038 942 in
1055 895 1204 962 posterum
1225 884 1262 945 ad

226 971 429 1032 ecclesiastica
447 988 564 1030 munera
582 967 714 1029 obeunda
732 970 779 1048 qui
798 969 911 1040 virtute,
931 989 988 1028 non
1002 969 1160 1030 ambitione
1176 991 1262 1050 prae·

170 1105 184 1126 ,
228 1067 314 1127 stent,
335 1057 437 1135 quique
456 1055 553 1134 populi
573 1052 738 1126 commodis,
758 1074 814 1113 non
834 1057 892 1114 suis
909 1056 1078 1127 inserviant,
1098 1066 1129 1115 ct
1146 1058 1263 1135 prosint

227 1141 323 1220 potius
346 1160 428 1219 quam
451 1140 589 1220 praesint.
637 1138 846 1198 Enunciahitur
867 1150 952 1219 atque
975 1140 1178 1221 explanabitur
1201 1143 1263 1202 l'rc·

228 1226 360 1305 quentius
387 1236 418 1285 et
442 1223 597 1284 studiosius
618 1225 735 1284 verbum
754 1223 883 1298 Domini,
910 1227 987 1285 omni
1012 1227 1132 1306 ancipiti
1160 1226 1261 1305 gladio

227 1312 434 1391 penetrantius.

312 1393 445 1456 Aderunt
463 1397 520 1455 suis
538 1394 674 1473 gregibus
693 1405 724 1454 et
741 1394 929 1473 invigilabant
948 1397 1077 1476 episcopi
1096 1399 1260 1477 ceterique,

227 1480 329 1559 quibus
356 1481 513 1539 animarum
540 1499 610 1540 eura
627 1481 784 1540 'commissa
806 1490 864 1553 est,
896 1500 988 1560 neque
1012 1493 1095 1541 extra
1117 1482 1261 1543 creditam

226 1564 283 1624 sibi
302 1565 460 1625 custodiam
478 1565 666 1643 vagabuntur.
687 1566 690 1570 ’
711 1564 790 1625 Nihil
814 1567 943 1645 cuiquam
966 1565 1126 1646 proderunt
1149 1580 1201 1628 ιιι
1226 1568 1261 1629 ad

227 1652 337 1730 impure
361 1662 392 1711 et
413 1652 555 1730 flagitiose
573 1649 737 1724 vivendum,
760 1661 810 1710 ιιι
827 1649 864 1710 ad
881 1652 955 1711 malo
974 1663 1005 1711 et
1021 1654 1189 1730 perniciose
1208 1653 1260 1714 do·

229 1734 350 1795 cendum
369 1736 533 1816 privilegia3
553 1736 658 1796 nullum
677 1735 739 1795 sine
757 1754 851 1814 poena
869 1737 987 1809 cumen,
1006 1736 1081 1797 nulla
1095 1738 1159 1798 siue
1175 1759 1260 1818 prac-

231 1821 288 1879 mio
306 1821 397 1880 virtus
419 1822 604 1900 relinquetur.
647 1819 806 1900 Pauperum
829 1831 860 1881 et
882 1820 1101 1882 mendicantium
1117 1823 1260 1884 sacerdo·

236 1916 296 1964 tum
311 1905 483 1966 multitudini
506 1908 611 1987 optime
633 1907 776 1986 provisum
794 1916 852 1979 est3
881 1917 979 1967 certae
998 1909 1194 1988 unusquisque
1212 1928 1259 1970 ee·
1316 1915 1317 1990 l

229 1992 337 2052 clasiae
355 2003 519 2072 statutoque
539 1993 630 2072 operi,
650 1990 726 2051 unde
744 1991 783 2051 ali
800 1995 900 2070 possit,
919 1992 1108 2052 adscribetur.

172 2113 214 2156 ω
313 2077 452 2150 Avaritia,
472 2097 527 2157 quo
546 2077 651 2138 nullum
665 2078 761 2137 vitium
776 2086 821 2136 est
833 2079 934 2137 tetrius
947 2079 1116 2157 praesertim
1132 2099 1163 2138 ιι
1174 2077 1257 2140 domo
1316 2103 1317 2114 ι

228 2162 292 2234 Dei,
303 2162 339 2221 ab
351 2182 386 2222 ea
399 2163 512 2222 omnino
524 2163 654 2236 tolletur3
674 2163 764 2241 gratis
779 2173 959 2223 sacramenta
970 2165 1078 2236 omnia,
1093 2175 1126 2223 ut
1138 2185 1196 2246 par
1207 2177 1256 2236 est,

229 2249 425 2307 conferentur.
453 2247 498 2306 Ex
513 2268 567 2308 una
582 2249 708 2308 ecclesia
722 2249 827 2326 plures,
845 2267 883 2308 ex
895 2249 1022 2330 pluribus
1032 2269 1097 2320 una,
1113 2261 1147 2310 ut
1159 2251 1258 2331 populi

229 2332 407 2412 commodum
426 2344 457 2393 et
474 2335 548 2392 ratio
566 2333 732 2412 postulabit,
752 2334 954 2395 constituetur.
998 2333 1257 2415 Eleemosynarum

227 2429 398 2497 quaestores
418 2424 461 2492 (ut
479 2419 645 2497 appellant),
666 2421 713 2497 qui
731 2438 791 2491 sua,
811 2439 869 2478 non
887 2439 960 2499 qnae
972 2419 1036 2479 lesu
1048 2419 1158 2480 Christi
1169 2441 1257 2501 quae·
1315 2415 1316 2507 l

227 2513 325 2562 rentes
336 2521 467 2580 magnum
478 2513 593 2562 nostrae
608 2503 742 2580 religioni
753 2501 892 2576 damnum,
903 2524 1033 2584 magnam
1050 2506 1202 2566 infamiam
1218 2508 1258 2567 al·

226 2586 370 2658 lerebant,
390 2587 519 2646 exomni
537 2587 681 2647 bominum
699 2592 837 2649 memoria
856 2588 944 2669 (quod
962 2609 1086 2650 summae
1105 2591 1256 2652 felicitatis

227 2673 293 2732 loco
309 2670 470 2752 ponendum
489 2676 545 2747 est)
568 2673 681 2752 penitus
698 2674 866 2734 evellentur.
904 2674 977 2735 Hinc
1000 2686 1098 2735 nostra
1116 2696 1257 2756 praesens

227 2758 375 2818 calamitas
388 2759 505 2840 sumpsit
520 2757 683 2819 exordium:
702 2759 769 2819 binc
783 2779 901 2840 serpere
919 2760 1058 2820 inlinitum
1073 2762 1181 2822 malum
1197 2783 1254 2822 ma·
1314 2809 1315 2860 p

226 2863 352 2923 uereque
367 2845 395 2903 in
415 2842 476 2904 dies
494 2845 579 2906 latius
597 2864 654 2904 non
673 2843 839 2917 desistebat,
858 2864 951 2924 neque
968 2848 1083 2907 occurri
1101 2846 1146 2907 illi
1161 2847 1255 2907 adbuc
1314 2867 1315 2873 ¹

225 2930 376 2991 multorum
406 2930 594 2990 conciliorum
629 2930 808 3014 cautionibus
840 2950 875 2990 ac
907 2931 1117 3010 provisionibus
1150 2935 1254 3014 potuit

224 3013 416 3087 Quamobrem
434 3017 496 3094 quis
510 3017 633 3075 nonnisi
647 3016 856 3095 sapientissime
866 3017 972 3076 lactum
987 3016 1103 3089 dixerit,
1118 3028 1153 3076 nt
1167 3038 1254 3078 mem·

224 3098 305 3160 brom
324 3100 394 3171 boe,
422 3102 451 3158 iu
474 3120 529 3180 quo
557 3099 683 3161 sanando
708 3100 756 3161 diu
775 3121 809 3162 ac
827 3103 942 3161 multum
965 3103 1071 3162 frustra
1090 3101 1252 3162 laboratum

221 3195 281 3255 est,
301 3205 337 3244 nc
356 3185 466 3266 reliquo
486 3188 603 3266 corpori
621 3197 755 3259 noceret,
775 3185 976 3246 excideretur?
1225 3223 1229 3228 .
1313 3195 1314 3241 l

218 3310 221 3316 ·
310 3269 401 3330 Porro
424 3269 486 3331 Deo
511 3271 603 3331 cultus
627 3271 768 3332 tribuetur
788 3274 885 3352 purius
908 3283 938 3333 et
960 3274 1137 3344 accuratius,
1166 3283 1252 3355 atque

223 3356 264 3416 ita
283 3358 329 3436 qui
348 3357 445 3417 icrunt
466 3376 535 3416 vasa
556 3357 671 3416 Domini
694 3356 915 3429 mundabuntur,
943 3368 975 3416 ut
997 3356 1033 3417 ad
1051 3360 1095 3417 sui
1113 3359 1252 3418 imitatio·

222 3459 287 3500 nem
310 3443 383 3503 alios
407 3442 530 3502 trabant
576 3442 608 3502 ln
632 3462 688 3521 quo
706 3443 856 3522 praeclare
879 3441 949 3503 illud
971 3443 1025 3502 luit
1042 3445 1250 3521 excogitatum,

222 3536 253 3583 ut
272 3528 319 3604 qui
337 3528 427 3586 sacris
446 3538 542 3588 essent
559 3526 690 3587 initiandi
713 3530 747 3587 iis
766 3528 892 3587 moribus
909 3539 994 3608 atque
1018 3529 1109 3588 literis
1132 3530 1162 3588 in
1180 3548 1249 3588 una-

223 3629 333 3688 quaque
357 3613 483 3671 ecclesia
510 3633 527 3671 a
554 3613 648 3692 prima
670 3623 765 3673 aetate
788 3615 1019 3684 instituerentur,
1047 3623 1079 3672 ut
1107 3611 1247 3692 quoddam

221 3697 301 3771 quasi
320 3696 452 3754 virtutum
472 3699 594 3756 omniurn
613 3700 793 3758 seminarium
811 3697 881 3757 illud
900 3700 1063 3758 exsisteret.
1099 3696 1161 3758 Iam
1178 3717 1246 3758 vero

220 3779 442 3855 provincialibus
469 3781 587 3859 synodis
608 3784 762 3855 restitutis3
788 3783 997 3843 visitationibus
1020 3781 1057 3843 ad
1078 3784 1246 3862 populorum

220 3865 386 3935 utilitatem,
419 3885 475 3923 uon
503 3865 539 3924 ad
568 3867 712 3945 querelam
740 3878 771 3927 et
792 3878 931 3947 sumptum
954 3869 1113 3942 renovatis,
1143 3867 1247 3930 tradite
1311 3926 1312 3966 ,
