2654 4330
198 271 276 330 aaa
389 267 541 324 sassie
559 265 663 322 xxm.
699 265 757 322 nn
774 226 1026 352 naroaunr.

198 415 344 484 nex‘arnm,
362 408 488 470 debeant
505 411 535 482 ii,
551 409 602 488 qui
620 407 731 470 illarum
750 425 846 468 caram
865 416 978 485 gerunt,
999 406 1159 486 quicunqne
1178 407 1218 466 illi

197 499 263 568 sint,
291 495 403 576 synodo
431 497 581 556 interesse.
635 492 718 566 Quod
745 494 770 552 si
796 493 824 552 in
851 492 896 552 bis
923 503 980 552 tam
1006 493 1220 572 metropolitani

198 601 280 662 qnam
299 582 428 662 episcopi
446 592 477 640 et
494 581 544 639 alii
561 597 647 658 supra
665 579 766 658 scripti
784 577 964 656 negligentes
979 578 1094 648 inerim,
1113 597 1221 658 poenas
1305 581 1306 586 ’

126 665 132 676 ’
198 669 288 727 sacris
307 668 463 727 canonibus
481 667 644 735 sancitas1)
663 666 820 724 incurrant.

147 838 188 880 ιω
307 824 334 868 G.
353 825 395 870 ΙΙΙ.
432 821 492 878 Qua
509 823 611 866 ratione
629 820 747 866 niellam
761 831 811 878 par
824 818 962 878 praelator
973 817 1112 884 facienda.

285 905 480 974 Patriarcbae‚
500 904 645 981 primates,
662 902 878 981 metropolitani
889 912 920 961 et
932 903 1061 982 episcopi
1076 905 1222 982 propriam

197 989 357 1051 dioecesim
379 1009 431 1068 per
454 1007 484 1047 se
508 989 598 1066 ipsos,
626 997 689 1059 ant,
717 989 741 1046 si
764 987 890 1066 legitime
914 986 1043 1066 impediti
1066 988 1222 1062 fuerint2),

197 1097 251 1156 per
277 1096 357 1134 sunm
384 1074 548 1152 generalem
566 1073 704 1132 vicarium
731 1083 781 1132 ant
805 1073 997 1144 visitatorem,
1024 1074 1048 1132 si
1072 1075 1223 1152 quotannis

198 1172 286 1221 totam
306 1170 426 1239 propter
447 1161 508 1218 eius
532 1158 710 1218 latitudinem
730 1159 848 1218 visitare
872 1178 928 1216 non
947 1168 1097 1237 poterunt,
1121 1159 1223 1218 saltem

198 1248 335 1307 maiorem
359 1247 420 1304 eius
439 1255 564 1323 partem,
589 1245 627 1302 ita
646 1255 755 1314 manen,
785 1254 814 1303 ut
838 1254 899 1302 tota
917 1243 1033 1302 biennio
1051 1263 1105 1322 per
1127 1263 1159 1303 se
1178 1243 1224 1304 vel

196 1333 361 1390 visitatores
384 1349 451 1388 snos
474 1330 666 1408 compleatur,
688 1331 806 1389 visitare
829 1347 886 1388 non
909 1331 1150 1408 praetermittant.
1186 1327 1225 1398 ΙΑ

197 1415 425 1494 metropolitanis
442 1433 527 1486 vero,
547 1415 632 1474 etiam
649 1424 716 1494 post
733 1415 817 1492 plene
830 1415 976 1472 visitatam
985 1416 1131 1494 propriam
1143 1413 1224 1474 dioe-

199 1502 300 1571 cesim,
320 1520 377 1559 non
395 1498 751 1566 visitenturcatbedrales
774 1500 931 1570 ecclesiae,
956 1519 1047 1580 neque
1072 1499 1224 1559 dioeceses
1308 1531 1309 1552 r

199 1606 314 1645 suorum
338 1585 633 1664 comprovincialium,
666 1585 720 1643 nisi
748 1604 834 1644 causa
858 1586 973 1663 cognita
997 1595 1027 1644 et
1049 1585 1174 1664 probata
1196 1587 1224 1643 in

199 1672 324 1730 concilio
348 1671 531 1750 provinciali3
559 1668 757 1730 archidiaconi
778 1680 887 1740 autem,
910 1669 1014 1729 decani
1036 1680 1067 1730 et
1083 1670 1134 1729 alii
1151 1671 1224 1729 inin·

198 1758 292 1816 riores
310 1758 338 1814 in
358 1757 392 1815 iis
410 1757 553 1827 ecclesiis,
571 1754 620 1814 ubi
639 1756 777 1815 hactenus
794 1757 984 1814 visitationem
995 1774 1137 1816 exercere
1152 1757 1224 1834 legi-

199 1843 266 1901 time
286 1853 505 1914 consueverunt,
525 1839 781 1920 debeantquidem,
801 1850 943 1919 assumpto
958 1843 1082 1911 notario,
1102 1839 1139 1900 de
1156 1861 1224 1900 con-

199 1946 284 1986 sensu
308 1928 437 2008 episcopi
460 1925 597 2007 deinceps
615 1937 668 2006 per
691 1946 721 1986 se
745 1928 822 2006 ipsos
840 1936 948 1988 tantum
971 1925 1077 1985 ibidem
1095 1928 1223 1986 visitare.

182 2011 372 2072 'Visitatores
390 2015 475 2073 etiam
494 2033 511 2071 a
531 2013 655 2092 capitulo
675 2011 838 2091 deputandi,
858 2012 906 2070 nbi
925 2013 1078 2091 capitulum
1096 2013 1140 2076 ius
1157 2013 1225 2072 visi·

198 2097 277 2160 tandi
304 2099 405 2170 babet,
432 2100 511 2178 prius
539 2098 574 2157 ab
603 2099 740 2176 episcopo
768 2096 976 2177 approbentur3
1005 2095 1056 2158 sed
1080 2117 1138 2156 non
1157 2095 1223 2157 ideo

198 2185 364 2262 episcopus,
395 2185 441 2242 vel
465 2201 500 2241 eo
525 2181 661 2261 impedito
684 2183 747 2240 eins
770 2185 914 2254 visitator,
943 2181 1058 2242 casdem
1082 2183 1224 2244 ecclesias

198 2287 326 2327 seorsum
345 2268 381 2326 ab
400 2269 444 2328 bis
463 2269 580 2326 visitare
599 2267 800 2345 prohibeatur,
825 2269 874 2328 cui
889 2269 942 2346 ipsi
960 2267 1159 2328 archidiaconi
1178 2269 1224 2328 vel

198 2353 248 2412 alii
271 2354 424 2412 inferiores
442 2353 613 2412 visitationis
631 2352 726 2411 iactae
748 2352 823 2411 inira
846 2371 971 2412 mensem
993 2355 1134 2416 rationem
1158 2351 1225 2414 red·
1311 2363 1312 2366 ’

88 2502 91 2511 ,
199 2438 279 2508 dere,
300 2449 329 2496 et
348 2437 543 2516 depositiones
561 2437 674 2496 testium
698 2457 732 2496 ac
751 2439 864 2516 integra
888 2449 953 2497 acta
976 2440 1003 2498 ei
1022 2439 1162 2498 exhibere
1181 2450 1224 2498 te·

199 2533 335 2594 neantnr3
362 2542 419 2580 non
439 2521 616 2581 obstantibus
636 2542 801 2602 quacunque
826 2521 1042 2595 consuetudine,
1067 2525 1154 2583 etiam
1172 2525 1224 2584 im·

199 2606 390 2678 memorabili,
415 2618 500 2686 atque
519 2608 747 2686 exemptionibus
770 2619 800 2667 ct
821 2609 980 2688 privilegiis
998 2608 1222 2690 quibuscunque.

198 2691 401 2751 Visitationum
424 2703 519 2751 autern
544 2694 666 2751 omnium
690 2695 806 2752 istarum
824 2695 995 2774 praecipuus
1013 2696 1052 2753 sit
1069 2695 1222 2775 scopnsil,

187 2798 295 2866 ,sanam
315 2775 561 2858 orthodoxamque
581 2777 740 2837 doctrinam
759 2781 885 2860 expulsis
898 2779 1065 2839 haeresibus
1074 2778 1222 2852 inducere,

199 2864 290 2922 bonos
309 2883 404 2922 mores
424 2866 507 2936 tueri,
526 2883 630 2944 pravos
649 2865 810 2943 corrigere,
829 2867 963 2945 populum
974 2865 1223 2926 cohortationibus

199 2960 230 3009 et
247 2949 486 3009 admonitionibus
511 2948 547 3009 ad
565 2950 749 3028 religionem,
777 2970 877 3030 pacem
901 2953 1151 3031 innocentiamque
1176 2971 1224 3012 ac·

146 3055 184 3098 aaa
200 3035 341 3109 condere3
362 3045 475 3108 cetera,
494 3045 580 3115 prout
598 3036 688 3106 locus,
708 3046 818 3114 tempus
838 3046 870 3096 et
886 3038 1003 3096 occasio
1022 3037 1107 3109 ieret,
1128 3057 1166 3096 ex
1183 3039 1225 3096 vi-

198 3122 341 3180 sitantium
369 3120 521 3200 prudentia
548 3119 584 3180 ad
607 3119 732 3179 lidclium
758 3121 879 3180 fructum
903 3123 1090 3181 constituere.
1143 3121 1223 3196 Quae

145 3246 150 3256 ι
197 3217 230 3264 nt
247 3207 360 3266 facilius
378 3206 547 3285 feliciusque
566 3204 733 3277 succedant,
754 3217 905 3266 monentur
921 3206 1065 3286 praedicti
1085 3227 1185 3268 omnes
1195 3218 1224 3268 et

99 3282 105 3298 ‘
198 3293 316 3372 singuli,
345 3289 381 3350 ad
409 3312 479 3372 quos
507 3292 630 3350 visitatio
653 3301 779 3370 spectat,
807 3303 838 3350 nt
859 3302 980 3371 paterna
999 3294 1121 3352 cantate
1141 3293 1225 3352 Clari·

198 3382 348 3457 stianoqne
377 3378 442 3437 zelo
467 3395 565 3436 omnes
592 3377 815 3456 amplectantur,
843 3375 966 3458 ideoque
995 3377 1126 3438 modesto
1155 3399 1224 3438 con-

199 3465 270 3522 tcnti
297 3465 425 3541 equitatu
444 3464 634 3542 famulatuque
663 3462 796 3523 studeant
822 3483 904 3544 marn
932 3464 1097 3536 celerrime,
1126 3462 1225 3523 debita

199 3565 293 3606 tamen
313 3567 377 3606 cum
395 3545 554 3627 diligentia,
573 3549 765 3609 visitationem
784 3551 873 3628 ipsam
886 3549 1045 3610 absolvere.
1091 3547 1224 3610 interim·

138 3657 142 3666 ·
199 3652 254 3712 qne
273 3641 403 3703 caveant,
422 3653 458 3692 ne
477 3635 621 3694 inutilibus
639 3635 794 3714 sumptibus
813 3637 942 3714 cuiquam
957 3655 1059 3713 graves
1070 3637 1224 3695 onerosivo

201 3793 411 3806 »ς-ι-ιι--ι-

252 3882 329 3927 Sena.
338 3883 431 3928 XXIV.
451 3888 471 3936 t)
482 3885 513 3930 cf.
523 3886 540 3929 1.
551 3886 567 3932 1.
578 3901 630 3943 pag.
640 3893 717 3932 antee.
729 3903 751 3932 n.
759 3893 777 3935 ¹.
791 3913 817 3924 -
829 3893 853 3943 2)
867 3889 899 3933 ei.
909 3903 929 3934 e.
941 3895 972 3934 u.
987 3891 1014 3936 c.
1025 3891 1057 3935 Χ.
1068 3903 1105 3946 qn.
1116 3894 1136 3936 t.
1147 3893 1225 3947 (cone

201 3935 255 3980 Tol.
267 3934 318 3990 lv.)
329 3959 354 3969 -
366 3937 389 3987 ³)
400 3950 419 3981 e.
431 3939 448 3978 l.
460 3937 480 3992 b.
490 3942 510 3979 4.
522 3938 550 3980 de
561 3952 623 3982 cens.
636 3941 659 3982 in
668 3939 727 3982 Vlto
739 3940 783 3982 ill.
793 3944 826 3985 2).
839 3941 929 3995 (lance.
939 3943 992 3996 tv.)
