2654 4334
202 235 288 320 ‘see
389 258 555 316 sessio
581 256 672 312 xxm
711 256 1066 312 neumnensium.

215 401 339 461 concilio
364 400 637 478 Carthaginensi¹)‚
665 419 722 458 nou
744 399 834 458 solnm
857 399 950 471 iubet,
974 399 1006 458 nt
1027 399 1160 479 episcopi
1181 419 1238 458 uno·
1307 394 1308 409 ³

215 485 297 546 desta
342 487 515 567 'supellectili
543 495 573 544 et
600 503 697 544 mensa
723 503 758 544 ac
786 484 891 563 frugali
917 485 995 543 victu
1023 486 1154 544 contenti
1177 487 1236 554 sint,

156 645 160 658 Ι
213 574 416 632 verumetiam
439 574 468 631 in
487 570 597 651 reliquo
619 571 695 630 vitae
719 589 841 649 genere,
864 590 899 630 ac
922 580 985 630 tota
1006 569 1068 630 eins
1086 568 1175 629 domo
1194 589 1238 630 ea·

213 668 310 730 veant,
330 677 365 718 ne
385 656 452 738 quid
470 666 623 737 appareat,
646 654 722 734 quod
740 674 757 714 a
774 665 875 716 sonmo
893 655 950 715 hoc
966 656 1096 716 instituto
1117 659 1156 716 sit
1173 656 1238 715 alie·

160 759 201 803 atu
214 763 294 816 nnn,
322 742 454 824 quodque
481 762 538 801 non
565 741 790 820 simpiicitatem‚
822 740 878 800 Dei
904 741 997 801 zelum
1024 761 1059 801 ac
1086 743 1237 802 vanitatum

215 839 407 909 contemptum
426 846 496 908 prae
515 845 546 886 se
565 827 649 886 ierat.
687 825 806 886 Omnino
824 845 895 886 vero
914 827 956 886 eis
974 824 1134 902 interdicit,
1154 847 1190 888 ne
1207 847 1239 886 ex

214 911 355 974 reditibus
374 913 531 974 ecciesiae
564 912 795 990 consanguineos
816 912 1008 972 familiaresve
1040 932 1109 972 suos
1137 931 1238 992 angere

214 999 403 1075 studeaut²)‚
432 1016 515 1077 quum
537 1007 568 1058 et
585 995 790 1076 Apostolorum
809 1017 934 1058 canones
952 997 1181 1077 probibeamt³)‚
1208 1017 1238 1058 ne

213 1105 261 1145 res
279 1084 507 1155 ecclesiasticas,
531 1101 603 1163 quae
627 1080 681 1143 Dei
699 1094 776 1155 snut,
800 1085 1020 1162 consanguineis
1039 1083 1165 1157 donent,
1183 1083 1238 1155 sed,

213 1171 238 1229 si
256 1188 398 1249 pauperes
417 1169 487 1241 sint,
505 1169 542 1228 iis
559 1178 591 1226 nt
607 1169 781 1248 pauperibus
800 1167 984 1243 distribuant3
1005 1189 1054 1230 eas
1072 1180 1172 1230 autem
1190 1189 1239 1228 non

213 1254 374 1316 distrahant
391 1274 446 1314 nec
465 1253 605 1334 dissipent
622 1254 735 1314 illorum
754 1274 851 1314 causa.
896 1254 1000 1327 Immo,
1019 1275 1102 1334 quam
1122 1257 1238 1316 maxime

213 1352 324 1422 potest,
349 1360 400 1400 eos
422 1351 522 1400 sancta
540 1337 666 1419 synodus
684 1351 796 1412 monet,
820 1351 852 1400 ut
869 1359 980 1400 omnem
998 1340 1154 1401 humanum
1172 1342 1239 1401 bunc

214 1445 286 1504 erga
311 1426 431 1497 iratres,
463 1435 585 1505 nepotes
612 1426 843 1506 propinquosque
871 1427 965 1486 carnis
991 1427 1143 1500 affectum,
1171 1424 1239 1487 unde

214 1512 365 1571 multorum
393 1511 530 1570 maiorum
558 1512 587 1570 in
614 1511 768 1571 ecclesiam
795 1513 975 1572 seminarium
994 1523 1102 1587 exstat,
1133 1514 1239 1593 penitus

215 1596 368 1676 deponant
415 1596 495 1670 Quae
516 1615 587 1656 vero
615 1595 651 1656 de
679 1598 823 1676 episcopis
850 1596 929 1658 dicta
955 1609 1034 1669 sunt,
1061 1597 1167 1658 eadem
1189 1617 1238 1656 nou

214 1684 305 1742 solum
323 1684 352 1741 in
371 1683 586 1760 quibuscunque
609 1681 752 1742 beneficia
779 1683 979 1743 ecclesiastica
991 1747 994 1753 Δ
1008 1693 1063 1742 tam
1081 1683 1239 1744 saecularia

214 1787 298 1846 quam
316 1768 460 1845 regularia
480 1767 676 1827 obtinentibus
694 1788 747 1847 pro
766 1767 872 1846 gradus
895 1771 938 1827 sui
956 1768 1126 1830 conditione
1146 1770 1238 1830 ohser-

213 1855 284 1924 vari‚
304 1852 356 1912 sed
374 1853 458 1913 etad
476 1863 594 1913 sanctae
604 1852 750 1913 Romanae
769 1854 913 1913 ecclesiae
923 1853 1085 1917 cardinales
1094 1857 1236 1934 pertinere

214 1937 358 2010 decernit,
387 1939 645 2018 quorumconsilio
670 1937 746 2018 apud
766 1941 974 1999 sanctissimum
992 1938 1153 2001 Romanum
1171 1940 1237 1999 Pon·
1308 1941 1309 1978 t

212 2024 319 2084 tificem
339 2044 421 2104 quum
441 2025 609 2084 universalis
627 2025 771 2085 ecclesiae
790 2023 996 2084 administratio
1016 2027 1144 2098 nitatur,
1165 2025 1236 2085 nefas

212 2109 305 2169 uideri
323 2120 433 2187 potest,
461 2130 518 2169 non
545 2111 580 2168 iis
608 2111 698 2168 etiam
720 2112 854 2170 virtutum
881 2109 1039 2189 insignibus
1066 2132 1101 2182 ac
1131 2107 1235 2172 vivendi

213 2194 366 2273 disciplina
384 2214 435 2254 eos
453 2196 576 2274 fulgere,
596 2214 669 2274 qnae
687 2196 790 2254 merito
810 2197 932 2255 omnium
951 2197 979 2255 in
998 2215 1029 2254 se
1049 2197 1153 2258 oculos
1176 2215 1236 2257 con·

211 2291 334 2340 vertam.

247 2419 273 2466 G.
292 2420 323 2465 11.
359 2413 382 2462 A
400 2416 491 2476 quises
508 2420 660 2465 nominatim
678 2418 785 2464 decreta
802 2419 907 2466 eoacib'e'
923 2419 1065 2466 solenniter
1083 2421 1169 2480 recr'ps'
1184 2425 1209 2465 et

613 2485 702 2532 docere·
722 2485 838 2535 debeant.

298 2567 385 2645 Cogit
410 2576 570 2645 temporum
597 2566 746 2628 calamitas
774 2579 805 2628 et
832 2570 1067 2634 invalescentium
1090 2571 1236 2632 haeresum
1306 2593 1307 2596 ¹

213 2651 332 2729 malitia,
362 2661 394 2710 ut
420 2651 489 2710 nibil
516 2654 554 2711 sit
579 2653 874 2735 praetermittendum,
904 2653 980 2736 quod
1007 2654 1044 2717 ad
1071 2659 1235 2736 populorum

157 2747 198 2790 ²1⁸
211 2737 444 2798 aedificationem
472 2748 502 2797 et
529 2739 691 2799 catholicae
716 2738 783 2799 fidei
805 2739 979 2820 praesidium
1002 2740 1137 2802 videatur
1159 2758 1235 2822 posse

210 2825 380 2907 pertinere¹
403 2821 549 2903 Praecipit
567 2826 655 2902 igitur
677 2837 777 2885 sancta
795 2823 959 2905 synodus4)
979 2827 1166 2907 patriarchis,
1185 2828 1236 2908 pri·

116 2925 121 2928 ·
210 2911 350 2982 motibus,
370 2909 612 2990 archiepiscopis,
642 2912 787 2990 episcopis
814 2919 845 2970 et
871 2911 1000 2972 omnibus
1028 2910 1102 2983 aliis,
1131 2915 1180 2992 qui
1205 2909 1235 2970 dc

210 2997 273 3055 iure
291 2997 338 3055 vel
357 2994 566 3055 consuetudine
585 2998 614 3055 in
634 2995 758 3055 concilio
777 2995 948 3074 provinciali
966 2998 1108 3058 interesse
1123 2995 1234 3066 debent,

209 3083 288 3139 utin
316 3083 377 3161 ipsa
404 3083 494 3160 prima
522 3077 634 3161 synodo
661 3081 847 3160 provinciali,
875 3092 941 3161 po'st
968 3082 1053 3142 finem
1079 3083 1234 3162 praesentis

209 3167 328 3225 concilii
353 3165 498 3238 habenda,
526 3185 563 3226 ea
580 3168 675 3226 omnia
701 3176 732 3227 et
749 3166 875 3245 singula,
903 3187 982 3247 quae·
1003 3168 1039 3227 ab
1066 3168 1121 3229 bac
1141 3177 1234 3229 saneta

207 3249 321 3329 syuodo
350 3249 468 3310 definita
494 3262 525 3310 et
551 3261 657 3311 statuta
683 3261 763 3324 sunt,
795 3252 888 3331 palam
914 3251 1072 3333 recipiant3
1101 3274 1158 3316 nec
1184 3271 1234 3314 non

208 3355 305 3396 voram
322 3335 527 3419 obedientiam
558 3355 665 3395 summo
693 3335 822 3397 Romano
854 3335 988 3398 Pontifici
1018 3338 1181 3419 spondeant
1209 3346 1234 3397 et

208 3419 411 3499 profiteantur3
436 3421 573 3501 simulque
592 3420 729 3481 haereses
748 3442 860 3495 omnes,
884 3442 901 3482 a
924 3425 1015 3484 sacris
1035 3426 1192 3485 canonibus
1209 3431 1234 3482 et

208 3506 392 3580 generalibus
420 3506 565 3578 conciliis,
597 3509 824 3587 praesertimque
851 3508 887 3570 ab
914 3509 969 3570 hac
997 3509 1100 3570 eadem
1128 3507 1236 3591 synodo

176 3625 177 3630 κ
208 3587 366 3660 damnatas,
384 3591 498 3668 publice
518 3589 698 3651 detestentur
720 3603 750 3652 et
768 3594 1018 3655 anathematizent.
1056 3593 1191 3676 Idemque
1207 3595 1231 3652 iu

208 3821 217 3834 .
235 3769 338 3861 fSpes
353 3767 432 3812 XXV.
459 3773 480 3822 t)
499 3784 518 3812 e
529 3770 596 3834 731).
610 3769 676 3817 xnl.
691 3781 766 3824 (conc.
782 3773 862 3818 Carth.
872 3775 914 3820 IV.
930 3777 980 3842 sivp
995 3775 1056 3822 stet.
1067 3777 1127 3822 ecel.
1138 3771 1230 3828 aut.)cf.

209 3835 234 3864 an
247 3835 265 3862 r.
279 3827 342 3863 anter
356 3827 430 3862 const.
445 3831 476 3862 ex
490 3826 538 3863 snt.
553 3834 605 3864 rnre
619 3823 733 3879 desumpt.
748 3838 791 3880 per
805 3841 870 3872 conc.
884 3826 952 3874 Trid·
967 3835 1097 3872 innovatas.
1112 3852 1138 3862 -
1164 3832 1186 3880 2)
1201 3822 1228 3865 tf·
1308 3857 1309 3878 ι

207 3883 230 3964 p.
240 3869 378 3964 {abbrdbll'
390 3883 428 3925 qn.
440 3873 457 3914 t.
469 3873 546 3922 (conc.
555 3873 677 3927 Antioch.)
686 3897 710 3937 ᾗ
736 3879 760 3929 t)
779 3879 964 3933 cen.1tp.89.·-
989 3883 1011 3932 s)
1026 3874 1057 3922 ei.
1069 3880 1135 3928 Sars.
1145 3875 1231 3958 ΧΨ.Ι
