2654 4330
198 276 277 337 use
390 269 642 330 sessionxv.
678 269 735 324 un
752 268 845 324 nau.
863 269 917 322 nr
935 261 1036 338 nou.

198 424 267 478 rota
296 414 469 495 singularum
500 407 600 474 andnt
627 410 681 472 vei'
696 410 830 490 accipiat
876 405 908 471 ln
935 407 1051 489 reliquis
1074 417 1236 476 serventur,-

200 501 374 582 singulorum
394 499 523 562 ordinum
540 498 587 559 vol
604 497 841 558 monasteriorum
859 496 1086 556 constitutiones.

91 686 93 691 .
200 641 228 690 G.
245 641 310 687 vul.
351 639 472 701 Βιςόωκ
495 613 713 684 monasteriorum
736 648 787 681 non
808 633 956 682 habentium
977 633 1126 682 ordinarios
1147 646 1228 695 regu-
1318 651 1319 666 u

417 707 488 754 darer
505 706 656 753 visitatore:
675 701 798 766 quomodo
814 701 1007 751 instituendum.

284 791 463 852 Monasteria
489 790 598 861 omnia,
626 772 699 868 quae
725 786 907 866 generalibus
935 786 1066 866 capitulis
1092 795 1143 845 aut
1164 786 1227 864 epi·
1319 857 1320 868 χ

201 879 299 956 scopis
315 895 372 935 non
391 875 517 944 subsunt,
536 893 591 934 nec
609 893 676 933 suos
694 871 799 934 laben
818 871 980 932 ordinarios
990 872 1140 952 regulares
1157 873 1229 931 visi·

202 972 325 1034 totores,
348 959 400 1021 sed
421 959 473 1020 sub
495 956 660 1020 immediata
681 954 758 1019 sedis
780 958 959 1038 apostolicae
981 959 1162 1038 protectione
1191 975 1228 1016 ac

202 1047 363 1110 directione
389 1046 453 1122 regi
481 1052 704 1116 consueverunt,
732 1053 885 1104 teneantur
910 1044 984 1103 inira
1005 1062 1108 1114 annum
1134 1041 1230 1102 atine
1320 1028 1321 1082 i

201 1132 363 1213 praesentis
385 1130 517 1202 concilii,
544 1139 576 1189 ct
592 1127 696 1189 deinde
720 1128 848 1208 quolibet
869 1129 993 1188 triennio
1016 1146 1080 1189 sese
1103 1129 1133 1188 in
1155 1147 1230 1187 con-

202 1216 388 1296 gregationes
410 1213 560 1294 redigere,
588 1216 667 1276 iuxta
694 1215 813 1274 formam
837 1216 1047 1274 constitutionis
1065 1213 1231 1274 innocentii

202 1301 292 1377 111.¹)
321 1301 349 1360 in
368 1301 493 1366 concilio
512 1300 657 1380 generali,
677 1318 749 1380 quae
767 1300 882 1379 incipit:
915 1302 950 1360 ln
967 1300 1110 1379 singulti,
1130 1298 1228 1378 ibique

202 1397 298 1447 certas
315 1387 465 1464 regulares
486 1405 625 1466 personas
648 1384 795 1465 deputare,
813 1403 884 1466 quae
902 1383 1042 1446 de'modo
1065 1395 1096 1444 et
1113 1382 1228 1455 ordine,
1321 1387 1322 1408 ³

202 1468 238 1532 de
256 1470 414 1551 praedietis
437 1469 711 1551 congregationibus
737 1469 898 1549 erigendis,
925 1490 961 1531 ac
987 1472 1100 1530 statutis
1127 1471 1156 1528 in
1185 1472 1230 1530 eis

64 1586 69 1626 l
152 1575 191 1620 nte
203 1555 394 1637 exsequendis
412 1555 574 1617 deliberent
592 1566 622 1616 et
639 1565 774 1616 statuant.
820 1552 902 1630 Quod
925 1557 949 1614 si
967 1559 996 1616 in
1014 1557 1058 1616 bis
1076 1555 1228 1636 negligen-

101 1701 110 1711 „
201 1654 246 1703 tes
263 1643 383 1714 inerint,
403 1641 490 1702 liceat
507 1642 744 1723 metropolitano,
767 1643 796 1700 in
815 1642 895 1701 cuius
912 1643 1060 1720 provincia
1077 1639 1231 1721 praedicta

201 1729 376 1788 monasteria
393 1737 471 1799 sunt,
494 1739 626 1808 tauquam
649 1725 921 1807 sedisapostolicae
940 1725 1084 1808 delegato,
1104 1747 1155 1786 eos
1172 1747 1228 1807 pro

200 1811 357 1893 praedictis
376 1815 469 1873 causis
488 1833 660 1875 convocare.
702 1811 784 1887 Quod
802 1813 826 1872 si
844 1812 918 1872 inire
937 1813 1041 1874 limites
1058 1814 1141 1873 unius
1157 1831 1229 1893 pro-

200 1901 313 1959 vinciae
337 1918 395 1958 non
422 1901 460 1958 sit
484 1898 626 1961 sufficiens
649 1899 747 1959 talium
773 1900 1011 1960 monasteriorum
1035 1917 1167 1961 numerus
1191 1895 1229 1960 nd

201 1982 369 2065 erigendam
388 1986 659 2066 congregationem,
682 1985 793 2064 possint
810 1982 927 2045 duarum
944 1986 990 2045 vel
1009 1985 1092 2045 trium
1109 1985 1229 2066 prouin-
1323 2039 1324 2046 ,

202 2073 309 2131 ciarum
328 2072 502 2130 monasteria
520 2091 603 2130 unam
621 2072 720 2132 iacere
739 2072 1004 2150 congregationem.
1041 2069 1113 2150 ipsis
1131 2080 1228 2132 autem

201 2156 474 2235 congregationibus
502 2158 677 2228 constitutis,
713 2155 825 2215 illarum
851 2158 998 2236 generalia
1022 2157 1160 2236 capitula,
1197 2167 1228 2216 et
1324 2158 1325 2188 ³

201 2240 237 2300 ab
258 2241 314 2300 illis
332 2242 420 2300 electi
437 2241 586 2320 praesides
603 2243 649 2302 vel
668 2241 831 2301 visitatores
845 2240 964 2302 eandem
983 2242 1108 2303 babeant
1125 2252 1228 2302 aucto-

200 2327 314 2387 ritatem
333 2327 363 2385 in
381 2344 449 2385 suae
474 2327 709 2406 congregationis
727 2328 952 2388 monasteriaco
969 2328 1118 2407 regulares
1136 2329 1165 2388 in
1183 2329 1227 2388 eis

200 2422 420 2481 commorantes,
449 2430 530 2490 quarn
556 2413 606 2472 alii
632 2409 780 2492 praesides
807 2431 842 2471 ac
869 2414 1032 2473 visitatores
1059 2413 1088 2471 in
1116 2413 1227 2474 ceteris

200 2496 308 2555 babent
326 2494 482 2568 ordinibus,
500 2506 708 2576 teneanturque
726 2515 795 2556 suae
806 2499 1040 2577 congregationis
1049 2501 1228 2559 monasteria

200 2581 368 2660 frequenter
383 2581 516 2654 visitare,
539 2592 570 2641 et
591 2581 704 2642 iliorum
726 2583 924 2644 reformationi
942 2584 1123 2656 incumbere,
1141 2595 1174 2646 et
1190 2604 1228 2645 ea

200 2666 370 2738 observare,
395 2684 467 2747 queo
490 2669 518 2727 in
537 2669 628 2728 seems
646 2667 803 2728 canonibus
811 2671 840 2744 ²)
865 2678 897 2729 et
916 2671 946 2728 in
968 2669 1024 2732 boc
1045 2689 1131 2730 sacro
1156 2689 1228 2732 con·

199 2751 268 2810 cilio
295 2761 360 2811 sunt
386 2749 516 2813 decreta.
578 2752 662 2827 Quod
687 2755 712 2813 si
739 2755 824 2814 etiam
851 2756 1072 2835 metropolitano
1099 2757 1227 2818 mutante

198 2835 349 2917 praedicta
367 2839 485 2919 exsequi
508 2859 566 2899 non
588 2840 765 2911 curaverint,
784 2841 937 2920 episcopis,
957 2842 986 2901 in
1005 2859 1125 2922 quorum
1144 2841 1229 2904 dioe-

199 2923 314 2985 cesibus
340 2924 406 2984 loca
431 2923 582 3005 praedicta
609 2927 665 2986 sita
682 2935 761 2998 sunt,
788 2935 921 3006 tanqum
944 2925 1228 3009 sedisapostolicae

197 3004 339 3089 delegatis
356 3009 521 3072 subdantur.

197 3145 226 3194 0.
245 3147 290 3194 IX.
325 3147 490 3196 Monaetere'a
510 3149 660 3196 mone‘ulium
683 3148 829 3198 immediate
850 3150 966 3198 subiecta
988 3151 1044 3214 sede·
1064 3155 1227 3212 apostolicae

196 3213 230 3261 ab
248 3217 363 3278 episeopo
383 3223 527 3278 regantur,·
547 3218 603 3264 aliu
616 3232 677 3265 uero
693 3234 711 3265 u
726 3218 857 3279 deputatis
872 3219 899 3264 in
915 3221 1038 3280 capitulis
1050 3222 1224 3282 generalibus,

559 3284 602 3334 vel
615 3285 676 3334 aliis
694 3286 865 3348 regularibus.
1062 3292 1065 3298 '

280 3367 465 3430 bionasteriu·
480 3369 736 3448 sanctimonialium
755 3382 872 3431 sanetae
891 3369 954 3431 sedi
972 3373 1152 3452 apostolicae
1172 3375 1224 3432 im·

195 3451 320 3512 mediate
338 3455 483 3526 subiecta,
501 3456 589 3534 etiam
606 3455 658 3515 sub
677 3455 790 3516 nomine
809 3457 997 3537 capitulorum
1017 3455 1048 3517 S.
1068 3457 1157 3530 Petri,
1177 3459 1226 3519 vei

196 3533 227 3594 S.
247 3535 375 3612 loannis,
402 3541 449 3601 vel
475 3541 547 3602 uliae
573 3541 829 3623 quomodocunque
857 3555 1068 3624 nuncupentur,
1096 3545 1132 3604 ab
1161 3546 1225 3626 epi-

194 3623 291 3702 scopis
317 3634 448 3704 tanqum
467 3624 563 3687 dictae
590 3626 667 3687 sedis
695 3626 838 3706 delegatis
856 3629 1061 3708 gubernentur,
1090 3649 1148 3690 non
1167 3629 1219 3690 ob·

245 3836 323 3882 ¹⁸¹⁸·
337 3837 416 3884 XXV·
444 3844 465 3893 ¹)
482 3855 502 3886 ⁰·
511 3845 531 3885 'l-
541 3843 573 3888 X.
584 3844 612 3888 ds
622 3848 685 3888 statu
699 3857 760 3888 mon.
770 3843 816 3889 ΠΙ.
826 3849 860 3891 85.
871 3845 960 3893 etinir.
970 3848 1034 3893 inter
1045 3857 1119 3893 const.
1130 3861 1161 3894 ex
1170 3853 1220 3892 ant.

192 3888 1069 4000 ine·r:re.n:rn·vt¹.¹trerr:ar..trsutine
1083 3904 1147 3946 '‘¹‘'
