2654 4334
190 183 203 212 Ι

146 289 260 356 'sos
364 291 634 350 sussuoxxv.
669 288 1015 376 uccnnmrnrn.
1078 258 1082 265 “

266 455 348 496 rann.
393 433 581 495 serenissimo
601 434 767 514 imperatori
786 431 1005 493 Ferdinando
1023 449 1138 512 semper
1156 451 1207 492 au-
1311 443 1313 506 t

180 531 278 602 gusto,
299 519 461 581 orthodoxo
481 531 512 580 et
528 520 665 599 pacifico,
685 530 715 579 et
733 517 862 578 omnibus
880 517 1006 596 regibus,
1026 518 1208 598 rebuspubli·
1312 515 1313 546 ³

181 610 222 667 cis
241 617 271 666 ct
288 607 464 687 principibus
482 606 587 665 nostris
606 605 684 664 multi
702 606 778 668 anni.

264 713 341 752 nnsr.
386 690 465 751 Pium
485 701 514 749 et
533 690 722 750 Christianum
740 691 951 768 imperatorem,
975 687 1112 760 Domine,
1137 709 1209 748 con·

180 787 278 850 serva,
302 778 463 856 Imperator
486 776 635 847 coelestis,
660 786 792 834 terrenos
815 794 901 854 reges
924 784 1023 834 rectae
1048 773 1116 833 fidei
1137 795 1208 834 con·

112 865 114 869 ⁴
180 873 342 924 servatores
362 860 483 922 custodi.

126 972 166 1014 sor
266 969 347 1008 enno.
392 946 580 1025 Apostolicae
596 945 740 1005 Romanae
755 945 831 1005 sedis
850 945 954 1023 legatis
970 955 1000 1004 et
1018 947 1045 1003 in
1065 947 1120 1008 bac
1139 965 1208 1026 syu-

86 1081 90 1089 ,
181 1032 237 1094 odo*
256 1031 485 1113 praesidentibus
505 1051 567 1090 cum
586 1032 680 1090 multis
698 1033 778 1091 annis
797 1050 917 1108 magnae
936 1030 1057 1109 gratiae.

265 1139 342 1178 nnsr.
386 1117 510 1194 Magnae
529 1117 654 1194 gratiae;
673 1116 812 1178 Dominus
830 1116 980 1176 retribuat.

265 1223 347 1263 cmo.
391 1199 647 1262 Reverendissimis
674 1200 864 1262 cardinalibus
896 1211 926 1260 et
956 1201 1113 1262 illustribus
1141 1222 1208 1262 ora·

181 1289 299 1350 toribus.

265 1395 342 1434 unse.
386 1373 507 1451 Magnas
525 1374 642 1450 gratias,
662 1373 764 1432 multos
783 1393 882 1433 annos.

266 1479 347 1518 cnnn.
394 1456 586 1519 Sanctissimis
609 1460 751 1537 episeopis
774 1460 846 1530 vita,
870 1469 900 1518 et
921 1457 993 1518 felix
1010 1456 1048 1517 ad
1066 1458 1207 1517 ecclesias

180 1565 245 1604 snas
263 1544 383 1606 reditus.

104 1635 111 1638 ’
266 1651 343 1691 unse.
387 1628 583 1690 Praecouibus
609 1627 739 1687 veritatis
762 1638 901 1708 perpetua
924 1631 1074 1701 memoria;
1108 1628 1208 1690 ortho-

108 1711 113 1720 ’
181 1715 257 1775 doxa
276 1717 387 1776 senatui
405 1716 507 1775 multos
526 1734 625 1774 annos.

266 1821 347 1860 cmo.
393 1797 586 1860 Sacrosancta
605 1800 791 1860 oecumenica
804 1797 971 1858 Tridentina
988 1797 1126 1879 synodus,
1146 1801 1206 1860 eius
1312 1835 1313 1838 =

144 1877 149 1884 ”
181 1883 266 1946 iidem
285 1887 482 1958 conliteamur,
497 1888 563 1946 eius
582 1884 701 1945 decreta
720 1902 834 1962 semper
851 1903 1004 1944 servemus.

265 1993 342 2032 ncsr.
388 1969 509 2052 Semper
528 1971 730 2042 conliteamur,
749 1989 862 2048 semper
880 1989 1033 2032 servemus.

266 2076 348 2118 enno.
394 2055 498 2126 Omnes
520 2059 561 2116 ita
584 2055 739 2127 credimus,
773 2074 870 2114 omues
892 2053 922 2114 id
945 2056 1033 2134 ipsum
1060 2057 1207 2128 sentimus,

181 2161 280 2202 omnes
299 2143 513 2201 consentientes
532 2151 563 2200 ct
580 2142 785 2220 amplectentes
809 2140 1019 2202 subscribimus.
1065 2140 1146 2220 Haec
1165 2151 1208 2200 est

180 2225 252 2288 fidas
269 2226 347 2288 beati
365 2225 444 2286 Petri
462 2237 494 2286 et
509 2225 728 2306 Apostolorum
748 2226 820 2285 baec
839 2236 884 2285 est
902 2225 971 2285 fides
985 2225 1115 2298 Patrum;
1136 2225 1209 2304 baec

180 2324 226 2373 est
243 2311 313 2372 fides
333 2311 567 2372 orthodoxorum.

265 2419 342 2458 nrsr.
388 2397 432 2457 lta
451 2396 602 2469 eredimus,
621 2398 661 2455 ita
679 2397 823 2466 sentimus,
842 2399 882 2457 ita
901 2397 1112 2458 subscribimus.
1311 2451 1312 2458 ,

266 2503 347 2540 esan.
393 2481 443 2540 His
467 2481 593 2540 decretis
615 2481 797 2539 inhaerentes
820 2479 898 2560 digni
921 2480 1074 2541 reddamur
1097 2485 1208 2542 miseri·
1311 2545 1312 2548 Ἴ

181 2565 289 2628 cordiis
299 2577 330 2626 et
347 2568 440 2645 gratia
458 2567 542 2645 primi
561 2576 591 2626 et
600 2567 694 2643 magui
712 2567 836 2644 supremi
854 2565 1014 2626 sacerdotis
1023 2566 1089 2628 lesu
1099 2566 1206 2634 Christi
1311 2559 1312 2582 ¹

128 2677 168 2718 sos
181 2651 250 2724 Dei,
274 2649 472 2710 intercedente
496 2653 578 2712 simul
600 2651 736 2712 inviolata
758 2650 880 2712 Domina
902 2663 1000 2712 nostra
1023 2662 1123 2712 sancta
1146 2652 1208 2712 dei-

179 2756 260 2820 para,
280 2747 310 2797 et
328 2736 456 2797 omuibus
474 2738 592 2796 sanctis.-

266 2843 343 2884 nnsr.
388 2822 465 2895 Fiat,
485 2823 543 2881 liat.
588 2822 690 2894 Amen,
710 2823 812 2882 Amen.

266 2929 348 2970 asna.
391 2907 552 2968 Anatbemo
571 2911 682 2969 cunctis
700 2908 863 2967 haereticis.

265 3016 343 3057 ause.
387 2993 558 3067 Anathema,
577 2994 746 3053 Anathema.

167 3077 171 3085 ‘
256 3083 330 3141 Post
349 3081 424 3140 daec
446 3083 613 3140 mandatum
628 3078 735 3158 suita
760 3080 868 3156 legatis
886 3079 1128 3156 praesidentibus
1155 3078 1208 3139 sud

175 3185 277 3245 poeno
300 3167 612 3226 recommunicationis
634 3165 766 3224 omnibus
788 3161 941 3236 Patribus,
970 3174 1016 3237 ut,
1051 3174 1208 3244 antequam

181 3252 369 3312 discederent
389 3272 404 3310 e
428 3255 548 3312 cr'uitote
577 3253 764 3322 Tridentino,
787 3249 1008 3310 subscriberent
1027 3269 1115 3313 manu
1133 3267 1220 3329 pro··

176 3339 248 3416 pria
276 3339 405 3397 decretis
430 3338 567 3411 concilii,-
593 3346 648 3396 aut
668 3356 703 3395 ea
725 3355 785 3414 per
807 3336 956 3413 publicum
985 3337 1206 3396 rirsbumentum

181 3423 401 3500 approbarentp
430 3424 484 3502 qui
507 3441 605 3482 omnes
624 3423 729 3484 dcr'rrdc
756 3420 1005 3499 sudserrpserunt,
1033 3431 1065 3480 et
1082 3416 1208 3498 fuerunt

124 3553 126 3562 .
180 3526 300 3567 numero
320 3527 414 3579 actu,
445 3509 586 3570 uidelicet
609 3507 774 3584 legalium,
804 3507 975 3570 cardinales
991 3527 1036 3578 ιι,
1069 3507 1208 3583 patriar·

180 3592 255 3650 ciac
273 3611 329 3664 nn,
354 3592 668 3671 archiepiscopium,
699 3595 832 3672 episcopi
847 3611 976 3663 nexunt,
1005 3589 1130 3652 addatur
1147 3611 1208 3662 vu,

175 3685 393 3754 procuratores
411 3678 573 3738 absentium
593 3699 655 3740 curn
675 3680 807 3756 legitr'rno
826 3680 965 3739 mandato
983 3695 1097 3753 muz,
1114 3695 1208 3756 geae-

179 3759 262 3819 rulcs
279 3762 414 3821 ordinum
431 3781 480 3823 vn.

616 3868 683 3908 usus
704 3869 771 3908 nno.

587 3977 621 3986 --ι
631 3979 798 3988 *oe-..a-
