2652 4330
196 253 250 314 80
396 245 627 306 sussrovi
653 195 1024 304 DEIUSTIFICAT.

197 391 327 472 operari,
354 409 412 449 noo
434 389 600 470 permissive
622 387 729 462 solum,
754 386 807 450 sed
825 389 910 449 etiam
928 390 1045 470 proprie
1064 389 1095 449 'et
1112 409 1166 470 per
1183 410 1226 465 se,

174 475 271 550 {iadeo
298 486 331 535 nt
356 475 394 534 sit
420 476 566 556 proprium
594 474 655 534 eius
682 494 753 555 opus
779 494 838 534 uon
860 476 951 536 minus
972 472 1099 555 proditio
1127 474 1227 550 Iudae,

172 554 280 646 {iquam
298 561 413 622 vocatio
432 560 528 620 Pauli:
547 560 698 621 anathema
715 563 762 620 sit.
799 596 804 603 ,

282 645 352 706 Ωιι.
370 643 437 705 VII.
483 643 515 704 Si
534 647 596 725 quis
615 643 734 718 dixerit,
763 665 852 726 opera
870 647 979 717 omnia,
1007 665 1080 726 qnae
1098 657 1165 708 ante
1184 648 1229 709 iu-

179 731 398 812 ¹pstihcationem
421 730 505 802 fiunt,
539 749 707 810 quacunque
733 732 846 791 ratione
869 732 948 792 iacta
970 731 1040 806 siut,
1073 751 1143 794 vere
1162 753 1229 794 essa

128 800 158 852 st
179 813 330 896 {peccatm
348 815 395 875 veI
414 813 510 873 odium
528 813 582 874 Dei
600 817 720 887 mereri,
739 825 801 887 aut,
825 827 930 894 quanto
949 817 1145 878 vehementius
1164 821 1230 899 quis

47 915 63 954 t
194 903 295 960 nititur
317 919 348 960 se
368 899 523 978 disponere
543 897 579 957 ad
597 901 733 974 gratiam,
762 909 842 980 tanto
862 919 926 959 eum
948 903 1063 980 gravius
1085 922 1231 983 peecare:

194 985 344 1045 anathema
361 985 409 1043 sit.
698 1046 702 1051 ,
904 1029 908 1038 ,

280 1069 349 1128 Cum
372 1065 453 1126 VIII.
499 1065 531 1125 st
559 1068 620 1145 quis
648 1064 767 1138 dixerit,
800 1067 950 1145 gehennae
978 1082 1083 1132 metum
1097 1074 1141 1148 ¹),
1172 1092 1231 1153 per
1321 1087 1322 1094 ’

194 1175 277 1234 quem
295 1151 332 1224 ad
350 1151 579 1212 misericordiam
597 1151 653 1210 Dei
677 1150 713 1211 de
736 1154 866 1232 peccatis
889 1151 1015 1214 dolendo
1035 1158 1227 1236 confugimus,

193 1241 240 1299 ch
262 1258 280 1298 a
302 1236 452 1318 peccando
476 1237 664 1309 abstinemus,
696 1247 848 1318 peccatum
871 1257 950 1311 esse,
978 1251 1027 1300 aut
1053 1253 1229 1321 peccatores

193 1326 309 1405 peiores
327 1327 441 1384 iacere:
461 1321 612 1383 anathema
629 1323 676 1382 sit.
1127 1324 1130 1330 ’
1321 1395 1322 1398 ¹

281 1408 350 1468 Cen.
370 1409 421 1468 IX.
467 1406 499 1468 Si
518 1411 580 1488 quis
598 1407 713 1480 dixerit,
730 1410 795 1493 sola
813 1405 869 1490 fide
889 1409 1003 1490 impium
1018 1411 1168 1472 iustificari
1182 1415 1225 1488 ²),

162 1511 171 1598 p
192 1497 234 1554 ita
252 1504 284 1552 ut
300 1494 444 1572 intelligat
462 1493 532 1554 nihiI
550 1493 628 1553 aliud
646 1483 915 1574 requiri,“ipuo‘'d”ad
933 1495 1144 1557 iustificationis
1157 1517 1229 1576 gra·

91 1643 94 1648 1
192 1581 261 1639 tiam
290 1576 522 1660 consequendam
550 1590 739 1659 cooperetur,
768 1591 799 1639 et
824 1581 902 1640 nuIIa
930 1600 968 1640 ex
993 1593 1076 1660 parte
1103 1602 1227 1645 necesse

193 1685 257 1724 esse
277 1683 341 1724 eum
360 1685 429 1725 suae
448 1666 602 1726 voluntatis
620 1675 698 1725 motu
715 1667 884 1746 praeparari
902 1677 987 1746 atque
1006 1666 1135 1748 disponi:
1155 1689 1227 1730 ana-

192 1751 289 1810 thema
306 1752 353 1809 sit.

157 1852 184 1892 to
218 1851 219 1856 ¹
280 1835 350 1895 Curi.
369 1836 405 1895 X.
452 1833 484 1896 Si
503 1837 564 1916 quis
583 1834 700 1908 dixerit,
719 1835 849 1896 homines
867 1838 928 1898 tine
943 1838 1050 1898 Christi
1063 1841 1170 1900 iustitia
1184 1842 1226 1918 ³),
1321 1867 1322 1890 ι

191 1941 247 2002 per
264 1941 347 2001 quam
365 1921 449 1980 nohis
467 1923 585 1992 meruit,
605 1921 770 1994 iustificam,
789 1933 839 1981 aut
855 1941 910 2001 per
928 1943 994 1987 eam,
1009 1925 1099 2004 ipsam
1116 1927 1227 1986 forma·
1321 1935 1322 2006 J

191 2009 260 2067 Iiter
277 2007 368 2067 iustos
387 2027 466 2067 esse:
486 2007 639 2066 anathema
656 2008 702 2066 sit.

279 2092 349 2152 Cum
374 2092 424 2152 XI.
477 2089 594 2171 Siquis
617 2091 737 2165 dixerit,
769 2091 899 2152 homines
922 2095 1072 2155 iustificari
1093 2097 1140 2156 veI
1162 2098 1227 2158 sola

191 2179 378 2255 imputatione
397 2177 524 2236 iustitiae
544 2176 665 2248 Christi,
692 2177 738 2237 veI
757 2178 820 2237 sola
837 2189 1023 2256 peccatorum
1042 2183 1224 2256 remissione,

191 2262 312 2322 exclusa
329 2261 423 2341 gratia
444 2272 475 2320 et
493 2262 624 2334 caritate,
645 2281 717 2341 quae
736 2263 765 2320 in
784 2262 919 2322 cordibus
942 2283 1042 2325 eorum
1059 2285 1113 2345 per
1132 2265 1226 2347 Spiri-
1321 2275 1322 2278 ’

190 2358 250 2408 tum
272 2358 401 2408 sanctum
425 2343 602 2406 diffundatur
615 2349 656 2423 4),
680 2357 765 2427 atque
788 2347 850 2406 iIIis
867 2349 1047 2422 inhaereat,¹
1062 2362 1111 2411 aut
1137 2353 1226 2412 etiam
1321 2401 1322 2426 ,

191 2435 329 2512 gratiam,
363 2451 418 2512 qua
445 2430 645 2504 iustificamur,
673 2451 738 2493 esse
765 2441 874 2493 tantum
900 2434 1029 2496 favorem
1052 2435 1121 2496 Dei:
1154 2457 1227 2497 ana·
1321 2435 1322 2518 Ῐ

190 2519 288 2577 thema
304 2518 351 2577 sit.

277 2602 347 2662 Curi.
365 2601 431 2660 XII.
478 2599 510 2660 Si
529 2603 591 2680 quis
609 2600 723 2676 dixerit,
743 2601 828 2664 fidem
846 2605 1047 2668 iustificantem
1060 2608 1131 2668 nihil
1145 2609 1227 2670 aliud

158 2717 165 2786 p
190 2707 256 2749 esse
280 2707 363 2768 quam
386 2684 519 2746 fiduciam
543 2685 656 2747 divinae
675 2688 892 2750 misericordiae
907 2693 951 2768 ⁵),
979 2705 1103 2774 peccata
1120 2695 1223 2756 remit-

190 2773 278 2833 tentis
300 2782 421 2853 propter
444 2771 602 2844 Christum,
636 2774 683 2834 veI
705 2793 769 2834 eam
791 2774 924 2836 fiduciam
947 2780 1038 2844 solam
1061 2799 1140 2854 esse,
1169 2802 1226 2862 qua

189 2858 392 2918 iustihcamur:
412 2857 565 2917 anathema
582 2860 628 2917 sit.

276 2944 347 3004 (lna.
365 2941 446 3003 XIII.
493 2941 525 3004 Si
550 2945 611 3024 quis
634 2942 767 3017 dixerit,
788 2947 864 3006 omni
887 2947 994 3010 homiui
1017 2950 1054 3012 ad
1077 2953 1226 3016 remissio·
1321 2967 1322 2978 ¹

188 3049 253 3090 nem
280 3039 467 3110 peecatorum
495 3028 703 3109 assequendam
730 3034 924 3094 necessarium
951 3055 1030 3110 esse,
1062 3049 1094 3098 ut
1121 3038 1225 3101 credat
1321 3039 1322 3060 ¹

190 3123 272 3173 certo
296 3126 327 3174 et
348 3115 455 3194 absque
478 3115 537 3174 uIIa
559 3116 752 3177 haesitatione
773 3121 909 3198 propriae
932 3120 1107 3184 infirmitatis
1130 3135 1161 3186 et
1178 3126 1224 3186 in-

189 3197 385 3279 dispositionis
403 3209 526 3279 peccata
543 3199 599 3259 sihi
616 3219 681 3261 esse
699 3204 833 3264 remissa:
853 3205 1005 3268 anathema
1022 3210 1069 3270 sit.

275 3285 346 3345 Gen.
369 3285 448 3345 XIV.
494 3282 527 3343 Si
555 3286 616 3365 quis
643 3286 764 3360 dixerit,
795 3289 939 3352 hominem
966 3314 984 3352 a
1009 3297 1141 3374 peccatis
1168 3296 1222 3357 ah-

187 3371 261 3430 solvi
273 3371 302 3447 6)
330 3390 365 3429 ac
392 3369 540 3430 iustificari
567 3389 605 3430 ex
632 3391 682 3445 eo,
710 3373 786 3454 quod
813 3396 844 3436 se
871 3378 981 3439 absolvi
1007 3399 1042 3439 ac
1069 3381 1222 3446 iustificari

189 3464 271 3513 certo
296 3454 409 3527 credat,
437 3465 488 3515 aut
513 3455 655 3517 neminem
682 3479 751 3520 vere
775 3481 838 3522 esse
861 3464 1058 3539 iustificatum,
1091 3468 1147 3529 uisi
1170 3471 1221 3550 qui

68 3547 76 3556 '
168 3537 292 3636 peredat
309 3557 340 3598 se
360 3557 423 3599 esse
442 3541 638 3616 iustificatum,
667 3555 699 3604 et
715 3546 769 3608 hac
793 3549 863 3628 Q
875 3547 938 3630 fide
958 3551 1169 3614 ahsolutionem
1187 3566 1221 3616 et

187 3624 419 3684 iustificationem
436 3626 552 3706 perfici:
572 3629 722 3692 anathema
741 3634 787 3692 sit.

239 3806 318 3852 Sera.
339 3807 383 3852 vt.
410 3813 431 3866 1)
446 3810 529 3857 Matth.
543 3813 575 3858 X.
590 3817 623 3860 28.
639 3814 696 3859 Luc.
711 3813 769 3860 XII.
783 3818 803 3860 d.
822 3838 848 3851 -
865 3821 888 3873 2)
903 3817 935 3865 cI.
948 3832 1014 3878 supr.
1029 3822 1080 3867 aad.
1095 3835 1117 3870 c.
1131 3825 1219 3871 I.8.-
1321 3811 1322 3822 ἵ

186 3861 210 3912 8)
224 3858 279 3914 ael.
293 3859 326 3903 11.
341 3863 373 3925 Id.
389 3860 420 3907 cI.
430 3876 492 3921 supr·
505 3863 556 3909 ead.
566 3878 586 3918 c.
596 3868 616 3910 t.
636 3889 661 3902 -
678 3868 702 3922 t)
715 3866 779 3916 aen,
791 3867 820 3912 V.
830 3872 850 3914 t.
869 3893 895 3906 -
912 3873 937 3928 ὗ)
951 3872 976 3917 cI
992 3885 1057 3932 supr.
1068 3876 1119 3922 ead.
1130 3891 1150 3922 e.
1160 3879 1181 3922 ⁹.
1190 3900 1218 3914 -

186 3912 208 3965 6)
223 3910 253 3955 ef.
268 3923 319 3969 etp.
335 3915 374 3957 cit.
