2654 4330
268 265 430 324 snssro
456 265 558 320 xuni.
594 215 658 319 nn¹
679 221 951 322 abnormis.
1045 267 1122 328 aaa

94 408 206 469 iudicio
234 407 300 466 huie
328 407 452 484 collegio
484 407 667 487 applicabunt
696 417 727 467 et
752 401 986 487 incorporabant.
1040 410 1123 483 Quod

93 497 193 554 locum
212 493 319 551 babeat
336 494 422 551 etiam
440 493 464 550 si
483 492 624 552 beneficia
642 494 700 552 sint
717 495 919 553 reservatavcl
930 495 1049 568 allecta;
1068 515 1123 556 nee

93 601 151 663 per
160 579 383 656 resignationem
393 577 518 655 ipsorum
527 577 732 638 beneficiorum
742 580 863 638 uniones
873 590 903 638 ct
916 580 1125 663 applicationes

94 663 235 744 suspendi
253 663 299 722 vel
316 664 375 721 ullo
395 661 479 722 modo
498 661 631 743 impediri
653 665 773 743 possint,
793 663 845 724 sed
864 666 984 742 omnino,
998 684 1125 744 quaeum

95 771 153 831 que
171 751 339 821 vacatione,
363 749 491 807 etiamsi
510 751 538 807 in
557 750 637 809 curia
656 749 790 810 ell'eetum
807 769 887 808 suum
906 752 1075 821 sortiantur,
1095 761 1127 809 et

75 855 268 916 ,quacunque
286 835 492 894 constitutione
510 853 566 893 non
585 834 727 894 obstante.
771 834 818 895 Ad
828 835 901 894 banc
911 846 1004 895 autem
1014 837 1126 916 portio·

94 943 163 981 nem
183 919 347 979 solvendam
363 919 578 992 beneficiorum,
598 919 776 998 dignitatum,
795 932 1006 1000 personatuum,
1026 932 1126 981 etum·

91 1009 176 1066 'nium
196 1016 227 1066 et
243 1007 419 1084 singulorum
442 1025 528 1085 snpra
543 1016 832 1065 commemoratorum
851 1025 1048 1086 possessores,
1067 1025 1125 1066 nnn

95 1091 186 1152 modo
205 1111 257 1170 pro
276 1111 318 1163 se,
347 1090 398 1150 sed
416 1111 469 1170 pro
487 1091 681 1170 pensionibus,
701 1111 771 1171 quas
788 1092 852 1151 aliis
868 1093 968 1152 forsan
986 1111 1023 1152 ex
1041 1089 1127 1152 dietis

91 1177 242 1238 'fructibus
265 1177 423 1248 solverent,
456 1175 608 1236 retinendo
630 1187 725 1238 umen
753 1197 805 1256 pro
828 1189 892 1236 rata
915 1176 1049 1258 quiequid
1072 1197 1126 1257 pro
1192 1169 1195 1183 ‘

97 1264 187 1324 dietis
205 1263 388 1342 pensionibus
409 1263 467 1320 illis
489 1264 547 1322 erit
568 1260 747 1335 solvendum,
771 1263 807 1322 ab
831 1265 968 1343 episeopo
992 1265 1050 1323 loci
1073 1282 1128 1341 per

97 1367 239 1410 censuras
266 1350 481 1408 ecclesiasticas
508 1367 543 1406 ae
570 1349 627 1406 alia
646 1350 728 1407 ,iuris
754 1347 881 1408 remedia
910 1350 1126 1427 compellantur,

97 1437 188 1496 etiam
205 1444 311 1493 vocato
330 1433 366 1493 ad
384 1433 455 1504 boc,
482 1435 507 1492 si
524 1432 681 1506 videbitur,
700 1435 807 1494 anxilio
825 1435 937 1496 brachii
955 1436 1126 1506 saecularis,

91 1520 260 1600 ¹quibusvis,
281 1518 375 1598 quoad
395 1519 488 1578 omnia
505 1528 538 1578 et
555 1521 666 1598 singola
688 1537 774 1599 supra
791 1519 870 1580 dieta
887 1521 1056 1599 privilegiis,
1076 1539 1128 1579 ex-

97 1605 306 1684 emptionibus,
339 1605 425 1664 etiam
457 1605 480 1662 si
508 1606 662 1683 specialem
690 1605 907 1683 derogationem
934 1607 1127 1684 requirerent,

100 1689 314 1750 consuetudine
332 1691 418 1749 eliam
436 1689 662 1762 immemorabili,
683 1691 780 1770 quavis
798 1690 991 1770 appellatione
1010 1701 1040 1751 et
1057 1691 1129 1750 alle·

98 1779 234 1856 gatione,
254 1793 327 1855 quac
346 1777 560 1834 exsecutionem
579 1775 725 1855 impediat,
745 1795 801 1834 non
821 1777 1008 1836 obstantibus.
1048 1774 1128 1836 ‘Suc-
1151 1777 1154 1783 '

100 1861 226 1921 cedente
245 1881 314 1920 vere
334 1881 419 1932 casu,
440 1880 495 1939 quo
513 1879 567 1939 per
584 1863 705 1922 uniones
722 1861 857 1920 ellectum
875 1881 954 1920 suum
973 1863 1129 1921 sortientes
1223 1885 1229 1892 ·

98 1948 148 2006 vel
167 1947 253 2006 aliter
270 1948 458 2006 seminarium·
472 1948 563 2025 ipsum
587 1947 616 2004 in
638 1957 728 2005 totum
745 1947 792 2006 vel
814 1947 843 2003 in
866 1957 976 2024 partem
1000 1945 1128 2006 dotatum

98 2033 279 2112 reperiatur,
305 2042 370 2092 tuno
394 2033 489 2111 portio
512 2051 550 2090 ex
572 2033 691 2110 singulis
714 2031 877 2104 beneflciis,
900 2042 1054 2112 utsupra,
1078 2030 1129 2090 dc-

98 2130 197 2178 tracta
216 2129 246 2178 et
262 2119 450 2197 incorporata
468 2117 504 2176 ab
523 2117 672 2197 episcopo,
691 2127 777 2197 prout
794 2137 841 2177 res
859 2120 920 2197 ipsa
939 2118 1080 2196 exegerit,
1099 2118 1129 2175 in

88 2206 194 2264 ‘totum
216 2205 262 2263 vel
291 2223 344 2283 pro
371 2214 454 2283 parte
486 2204 655 2262 remittatur.
706 2202 788 2277 Quod
816 2205 839 2262 si
867 2202 1072 2264 cathedralium
1100 2212 1131 2262 et

101 2291 223 2349 aliarum
241 2291 377 2348 maiomm
389 2289 576 2348 eeclesiarum
591 2289 712 2368 praelati
722 2291 751 2347 in
762 2288 816 2348 bae
826 2287 970 2349 seminarii
981 2292 1130 2350 erectione

102 2367 223 2454 eiusque
247 2377 466 2434 conservatione
485 2375 666 2452 negligentes
684 2375 800 2446 luerint,
819 2393 854 2434 ao
872 2395 950 2433 snam
968 2378 1130 2454 portionem

104 2461 220 2520 solvere
252 2460 492 2530 detrectaverint,
522 2461 688 2539 episcopum
711 2459 959 2540 archiepiscopus,
987 2460 1180 2539 arebiepl-2„

103 2566 222 2626 scopum
246 2557 277 2606 et
294 2547 458 2625 superiores
476 2544 602 2625 synodus
624 2546 809 2624 provincialis
835 2548 944 2606 acriter
971 2549 1129 2624 corripere,

104 2651 212 2712 eosque
232 2631 269 2691 ad
288 2633 382 2690 omnia
400 2650 485 2710 supra
503 2629 582 2690 dicta
601 2649 709 2708 cogere
728 2630 846 2703 debeat,
875 2642 905 2690 et
921 2642 954 2691 nt
972 2651 1053 2711 quarn
1072 2633 1131 2710 pri-

103 2737 179 2776 mum
198 2719 253 2777 boc
272 2727 400 2776 sanctum
420 2720 542 2796 atpium
562 2735 641 2794 opus,
660 2717 821 2796 ubieunque
844 2717 908 2776 llari
928 2721 1044 2796 poterit,
1064 2735 1132 2795 pro·

102 2813 268 2875 moveatur,
296 2803 423 2862 studiose
447 2802 569 2861 curabit.
616 2801 753 2862 Rationes
775 2813 870 2862 antem
889 2802 1028 2862 redituum
1044 2804 1132 2861 ¹lruins
1177 2827 1186 2838 ·

103 2891 252 2956 seminarii
270 2891 422 2968 episcopus
440 2890 521 2946 annis
530 2889 649 2965 singulis
658 2889 791 2967 accipiat,
811 2889 1010 2966 praesentibus
1019 2887 1131 2947 duobus

104 2995 123 3034 a
142 2975 279 3055 capitulo,
300 2986 330 3033 et
347 2972 466 3033 totidem
484 2993 501 3032 a
521 2974 601 3032 clero
621 2975 744 3032 civitatis
763 2971 915 3052 deputatis.

169 3125 172 3132 ,
192 3059 314 3131 Deinde,
333 3070 365 3118 ut
383 3077 445 3118 cum
464 3059 567 3116 minori
588 3060 717 3138 impensa
739 3056 899 3118 huiusmodi
921 3057 1028 3116 scholis
1050 3059 1132 3116 insti-

103 3143 220 3206 tuendis
237 3144 469 3225 provideatnn1),
489 3145 588 3203 statuit
605 3155 705 3204 saneta
723 3144 858 3225 synodum
876 3154 908 3203 nt
926 3144 1065 3222 episcopi,
1084 3164 1132 3202 ar-

105 3232 299 3311 chiepiscopi,
318 3234 455 3310 primates
475 3240 507 3289 et
529 3231 578 3288 alii
601 3230 729 3288 locorum
753 3231 905 3301 ordinarii,
927 3230 1132 3288 scholasterias

105 3319 284 3388 obtinentes,
304 3319 441 3388 etalios,
461 3315 560 3394 quibus
578 3325 623 3374 est
641 3316 773 3376 lectionis
794 3318 840 3377 vel
860 3315 1009 3375 doetrinae
1031 3333 1131 3374 munus
1160 3363 1173 3392 „

105 3421 263 3475 annexum,
290 3402 325 3462 ad
349 3401 509 3462 docendam
532 3403 561 3460 in
584 3402 653 3480 ipsis
679 3402 787 3462 sobolis
809 3401 998 3462 instituendos
1025 3419 1078 3480 per
1099 3419 1131 3460 se

88 3489 198 3570 ipsos,
227 3489 251 3548 si
277 3488 374 3548 idonei
392 3489 513 3560 inerint,
541 3487 666 3566 alioquin
684 3505 737 3566 per
762 3485 886 3547 idoneos
910 3489 1077 3548 substitutos
1095 3487 1130 3546 ab

105 3571 215 3635 eisdem
229 3574 424 3634 scholasticis
450 3572 600 3652 eligendos
627 3583 659 3632 et
683 3574 720 3632 ab
739 3572 896 3652 'ordinariis
919 3572 1131 3654 approbandos,

105 3661 202 3721 ctiam·
225 3680 280 3739 per
306 3660 529 3720 subtractionem
555 3661 711 3731 fructuum,
749 3669 857 3738 cogant
887 3670 917 3718 et
945 3659 1131 3738 compellant.

106 3745 192 3820 Quod
216 3747 240 3805 si
258 3744 365 3805 iudicio
383 3745 512 3825 episcopi
530 3743 609 3825 digni
627 3765 684 3805 non
702 3745 821 3818 fuemnt,
840 3746 939 3818 alium,
964 3747 1011 3824 qui
1029 3744 1133 3822 dignos

161 3947 238 3991 Sera.
261 3921 358 3991 dixin.
385 3949 407 4002 1)
418 3945 448 3991 el.
460 3945 523 3990 Sera.
534 3945 563 3990 V,
574 3960 594 3991 e.
606 3949 624 3990 l.
636 3947 664 3990 cle
673 3947 718 3990 rei.
