2652 4330
233 353 234 356 Ἴ
334 269 558 324 corinthii
586 271 893 336 TlllDIlN'lel.
1110 275 1132 330 Ι

95 411 257 473 stiauornm
288 409 449 489 principum
475 408 585 472 habere
610 410 785 472 volebamus.
838 412 929 486 Quam
955 413 1166 482 voluntatemne
1198 440 1204 450 ¹

96 496 161 556 dum
181 505 398 574 exspectamus,
418 494 484 554 dun
503 495 687 557 observamus
704 507 815 577 tempus
832 496 1041 569 absconditum,
1058 507 1130 558 tem-

95 601 148 661 pus
170 580 348 659 beneplaciti
370 581 425 652 tui,
454 579 569 642 olicus
583 583 626 655 ¹),
655 580 808 660 aliqnando
830 581 945 642 mudena
968 581 1130 644 decernere

96 666 239 746 compulsi
257 685 364 738 sumne,
393 683 477 725 omne
496 685 560 726 esse
583 676 694 746 tempus
712 667 924 746 beneplacitum
941 666 1019 739 lieo,
1047 687 1130 747 quum

94 751 132 810 de
151 750 240 812 rebus
257 753 363 811 sanctis
378 761 409 809 ct
426 748 462 810 ad
473 750 662 810 Christianam
680 752 817 830 pietatem
835 753 1046 831 pertinentibus
1061 771 1131 814 cen·

93 837 161 895 silis
182 837 327 896 ineuntur.
378 835 561 916 Quapropter
581 835 727 909 videntes,
754 839 876 896 maximo
904 836 1018 916 quidem
1044 837 1131 896 animi
1249 885 1255 894 .

93 923 189 981 nostri
212 940 276 980 cum
299 920 415 992 dolere,
433 939 494 980 rem
513 921 703 981 Christianam
726 920 854 1001 quetidie
877 924 906 981 in
929 924 1010 1001 peius
1032 941 1129 994 ruere,

95 1006 247 1084 ilungaria
265 1026 283 1064 a
299 1006 401 1066 Turcis
420 1024 571 1085 oppressa,
592 1005 742 1066 Germanis
759 1008 1002 1086 periclitantibus,
1022 1009 1129 1068 ceteris
1165 1057 1169 1073 .

32 1093 36 1098 '
95 1091 229 1150 omnibns
247 1101 323 1150 metu
341 1109 531 1170 moeroreque
550 1091 677 1163 afflictis,
706 1092 810 1153 nullius
828 1093 883 1152 iam
901 1093 1040 1172 principie
1058 1111 1129 1152 con·
1190 1136 1194 1140 -

94 1195 209 1236 sensum
234 1187 419 1255 exspectare,
447 1176 498 1236 sed
521 1187 629 1236 tantum
652 1176 707 1238 Dei
730 1178 932 1256 omnipotentis
953 1179 1128 1238 voluntatem

94 1272 126 1321 et
149 1261 332 1320 Christianae
359 1260 536 1340 reipublicae
564 1263 715 1322 utilitatem
742 1261 892 1323 attendere
920 1261 1127 1323 constituimus.

95 1347 196 1426 ltaque
216 1365 299 1426 qunm
316 1345 499 1406 Vincentiam
518 1348 639 1426 amplius
656 1367 714 1408 non
731 1347 916 1420 haberemus,
945 1365 1129 1426 cuperemus·

94 1451 150 1512 que
170 1452 235 1492 cnm
252 1433 405 1491 universae
425 1431 651 1492 Christianorum
669 1434 767 1505 saluti,
791 1444 850 1493 tum
869 1432 1059 1494 Germanicae
1078 1453 1128 1492 na-

93 1519 182 1576 tionis
204 1516 393 1578 incommodis
415 1517 444 1576 in
468 1516 604 1596 eligendo
627 1537 681 1598 per
703 1537 755 1578 nos
778 1520 845 1578 novi
868 1519 985 1578 concilii
1003 1517 1127 1578 habendi

93 1603 162 1662 loco
182 1603 348 1675 consulere,
376 1604 541 1682 aliquotque
560 1604 633 1663 locis
650 1605 807 1683 propositis
825 1605 914 1682 ipsam
932 1601 1127 1664 Tridentinae

94 1689 242 1747 civitatem
266 1687 302 1746 ab
320 1690 390 1768 ipsis
408 1686 569 1748 desiderari
586 1688 762 1750 videremus:
782 1709 849 1761 nes,
868 1691 924 1748 etsi
941 1691 970 1749 in
990 1689 1128 1749 citeriore

93 1772 179 1832 ltalia
198 1772 375 1834 commodius
388 1774 489 1834 emnia
508 1777 626 1834 tractari
644 1791 737 1853 posse,
749 1774 954 1846 iudicabamus,
974 1772 1011 1832 ad
1028 1793 1129 1834 eorum

92 1869 190 1917 tamen
214 1859 423 1936 postulationes
445 1869 573 1919 nostram
595 1861 770 1920 voluntatem
793 1871 913 1938 paterna
936 1861 1058 1919 caritate
1077 1858 1129 1918 de-

92 1944 236 2002 fleximus.
281 1943 379 2023 ltaque
397 1943 564 2004 Tridentum
588 1947 733 2004 civitatem
758 1945 910 2022 elegimus,
938 1963 993 2020 qna
1011 1945 1040 2001 in
1059 1943 1129 2004 civi·

91 2039 157 2087 tate
176 2031 389 2089 oecumenicum
408 2030 563 2089 concilium
580 2029 617 2088 ad
636 2029 766 2104 proxime
783 2039 918 2088 ventures
929 2025 1052 2088 Kalend.
1067 2026 1129 2086 No·

95 2113 193 2174 vemb.
212 2113 382 2187 haberetur3
401 2113 536 2174 idoneum
551 2115 644 2174 locum
658 2115 735 2174 illum
751 2124 918 2185 statuentes,
938 2131 993 2192 quo
1008 2110 1129 2173 exCer-
1208 2167 1212 2172 .

94 2199 190 2259 mania
208 2199 321 2278 quidem
340 2197 637 2278 aliisqneGermaniae
656 2200 782 2260 finitimis
800 2199 962 2260 nationibus
980 2199 1127 2271 facillime,

93 2305 132 2344 ex
146 2284 251 2356 Gallia,
271 2284 407 2363 llispania
426 2287 588 2363 ceterisque
606 2287 763 2364 provinciis
781 2286 984 2346 remotioribus
1002 2305 1059 2344 non
1072 2283 1128 2343 dif-

93 2371 212 2430 liciliter
233 2371 364 2448 episcopi
386 2379 418 2429 et
442 2370 565 2448 praelati
588 2372 743 2430 convenire
765 2382 892 2450 possent.
941 2369 1011 2428 Dies
1032 2380 1127 2428 autem

94 2455 213 2514 concilii
235 2473 272 2514 ea
292 2473 311 2513 a
332 2454 415 2514 nohis
437 2466 568 2534 spectata
590 2467 648 2526 est,
677 2475 749 2534 quae
768 2457 890 2534 spatium
907 2457 937 2515 iu
956 2474 989 2514 se
1006 2453 1128 2514 haberet

93 2551 127 2600 et
143 2538 309 2619 publicandi
326 2559 381 2618 per
399 2539 575 2600 Christianae
593 2542 725 2601 nationes
743 2542 834 2600 nostri
851 2541 933 2599 huius
951 2539 1078 2612 decreti,
1098 2545 1128 2598 et

94 2627 240 2685 facultatis
267 2625 397 2684 omuibus
424 2627 561 2705 praelatis
584 2625 621 2686 ad
642 2625 814 2686 veniendum
838 2623 1018 2687 tribuendae.
1064 2624 1127 2697 Quo

94 2713 186 2770 minus
213 2708 309 2770 eutem
336 2729 458 2770 annuum
481 2722 591 2791 tempus
614 2711 830 2790 praelinircmus
852 2709 986 2769 mutando
1010 2708 1127 2770 concilii

94 2797 174 2867 leco,
193 2798 268 2856 sieut
282 2795 446 2874 quibusdam
462 2797 712 2856 constitutionibus
726 2797 797 2856 alias
811 2797 1019 2876 praescriptum
1033 2795 1128 2868 cst2),

95 2883 400 2954 euresiuitiucausa,
425 2881 497 2960 quod
508 2882 621 2960 longius
631 2882 744 2942 extrahi
753 2901 831 2961 spem
841 2880 984 2940 sanandae
995 2878 1128 2959 eliquain

93 2978 177 3046 parte
184 2967 363 3026 Christianae
369 2967 556 3044 reipublicae,
562 2987 634 3046 quae
645 2977 688 3025 tot
697 2966 875 3024 detrimentis
880 2977 911 3026 et
920 2963 1128 3024 calamitatibus

93 3052 202 3112 affecta
220 3063 278 3124 est,
298 3053 453 3126 noluimus3
476 3062 506 3110 ct
527 3061 621 3110 tamen
639 3050 767 3111 videmus
785 3059 927 3127 tempora,
947 3049 1129 3126 agnoscimus

94 3136 292 3209 difficultates,
320 3137 388 3217 quid
410 3137 520 3216 sperari
543 3137 635 3235 possit
656 3154 694 3194 ex
716 3134 843 3194 consiliis
862 3134 968 3192 nostris
986 3135 1147 3208 incertum

94 3241 160 3283 esse
186 3224 381 3300 intelligimus.
431 3220 491 3282 Sed
519 3223 585 3300 quia
611 3222 747 3298 scriptum
774 3231 832 3280 est.
865 3221 974 3280 lieuelo
1000 3221 1162 3290 Boratinon

94 3327 172 3368 erum
192 3319 284 3380 mom,
305 3317 337 3367 et
351 3327 440 3387 spera
459 3312 490 3368 air
509 3327 559 3378 eo,
580 3316 612 3366 et
627 3309 689 3386 a'paee
698 3303 861 3384 serinii:
886 3305 976 3381 magis
995 3303 1050 3364 Dei
1068 3305 1129 3364 cle·

93 3395 220 3453 mentire
239 3405 270 3454 et
287 3392 506 3454 misericordiae
524 3391 681 3464 confidere,
701 3411 784 3472 quam
804 3401 919 3451 nostrae
937 3387 1128 3455 imbecillitati

94 3476 225 3539 diffidere
249 3480 459 3539 constituimus.
505 3476 599 3558 Saepe
623 3480 697 3538 enim
721 3478 752 3537 lit
775 3479 803 3535 in
826 3477 909 3538 bouis
933 3475 1067 3555 operibus
1084 3476 1129 3535 in·

94 3564 254 3644 cipieudis,
281 3575 314 3622 ut
336 3565 412 3644 quod
434 3565 556 3624 humane
579 3566 701 3624 consilia
724 3583 781 3622 uon
803 3564 899 3622 velent
921 3561 1016 3622 diviua
1037 3562 1128 3622 virtut

130 3779 250 3876 tffllq
221 3761 375 3826 t'xmr
387 3784 453 3826 tt
462 3779 560 3835 bicone
562 3777 823 3825 .ruicentaten.msSe
826 3777 997 3823 ..-XXXlX
1006 3773 1129 3829 til’relm
