2654 4334
314 283 467 351 suurn,
485 283 566 350 oua
581 283 729 340 nuvoc.
746 285 854 342 ιιιι.
870 292 924 342 ete.
1054 289 1133 346 nee
1253 283 1261 292 ’

233 576 235 581 ¹
384 508 858 577 monumemtum,

121 616 306 690 numus
331 614 685 691 unumunurm
709 617 874 692 runnu
903 619 1106 726 cusum.
1204 701 1210 714 ,

100 765 254 808 noscuntur
268 760 401 826 privilegia,
417 763 586 827 exemptiones,
601 763 770 828 immunitctcp,
785 763 921 830 fucultstqr,
936 766 1133 830 dispensationum,

52 863 55 867 ·
137 812 1133 921 tttttttttu'ltl‘ttt:tzittuttttttttttttttttttttttf·¹¹¹'¹¹··

191 939 258 998 Pius
278 939 452 1019 Episcopus,
476 957 575 998 servus
593 959 739 1000 servorum
759 939 826 1012 Dei,
850 940 887 1000 ad
905 953 1071 1022 perpetuam
1091 943 1134 1002 rei

102 1045 282 1085 ιιιιιιιιιιιιιι.
1082 1042 1087 1050 ·

174 1110 225 1169 .ln
247 1111 385 1189 principis
401 1108 606 1189 Apostolorum
634 1109 719 1181 sede,
745 1112 854 1171 meritis
876 1113 947 1172 licet
969 1111 1133 1192 imparibus,
1229 1117 1232 1131 '

101 1197 202 1256 divina
222 1195 410 1275 dispositione
429 1197 586 1267 constituti,
607 1196 675 1255 nihil
695 1217 787 1276 neque
805 1199 959 1257 universali
978 1200 1133 1269 ecclesiae,

102 1301 193 1342 curae
213 1293 244 1341 et
261 1279 447 1341 sollicitudini
466 1291 582 1340 uestrae
601 1284 783 1353 commissae,
806 1283 955 1354 salubrius,
980 1301 1071 1362 neque
1090 1285 1135 1342 in·

7 1421 8 1424 ,
102 1370 204 1426 iuncto
228 1367 311 1426 uobis
332 1366 510 1446 apostolicae
532 1366 676 1426 servitutis
699 1367 793 1428 officio
817 1366 965 1428 decentius
983 1379 1133 1447 praestare

102 1472 269 1532 possumus,
293 1471 375 1532 quam
399 1450 473 1530 quod
496 1451 695 1531 providentiae
723 1461 838 1514 nostrae
865 1455 1022 1514 ministerio
1046 1473 1135 1514 oecu-

6 1569 7 1572 ¹
103 1539 246 1598 menicum
266 1538 417 1598 concilium
436 1536 647 1610 Tridentinum,
670 1541 745 1597 sieut
767 1541 872 1598 nostris
889 1541 1064 1617 potissimum
1083 1560 1135 1599 au-

103 1626 216 1703 spiciis,
234 1643 397 1702 summaque
416 1633 579 1682 sanctorum
590 1623 704 1683 Patrnm
720 1621 877 1682 concordia
891 1643 944 1703 per
954 1622 1008 1683 Dei
1022 1626 1134 1685 miscri-

6 1741 7 1744 *
104 1707 237 1770 cordiam
256 1711 383 1769 feliciter
399 1708 558 1768 absolutum
581 1709 645 1780 fuit,
668 1710 709 1767 ita
726 1727 780 1788 per
796 1710 959 1780 universos,
984 1710 1031 1788 qui
1050 1710 1135 1770 Chri·

104 1797 200 1855 stiana
232 1797 340 1875 pietate
373 1805 544 1864 censentur,
581 1794 685 1872 ubique
721 1795 912 1873 suscipiatur,
953 1805 983 1854 et
1014 1798 1134 1856 remotis

5 1935 6 1938 ,
57 1889 62 1898 ’
106 1880 283 1961 quibuslibet
319 1880 474 1940 obstaculis
510 1879 545 1938 ab
583 1879 712 1938 omuibus
753 1881 913 1959 aequaliter
953 1880 1132 1941 observetur.

106 1968 200 2040 Quum
219 1967 315 2046 itaque
341 1967 370 2024 in
394 1964 496 2025 codem
521 1965 645 2024 concilio
670 1966 873 2044 quamplurima
894 1966 1020 2025 salubria
1043 1977 1074 2024 et
1096 1965 1133 2025 ad

104 2053 297 2112 universalem
321 2071 429 2111 morum
452 2051 686 2110 reformationem
708 2049 792 2110 valde
811 2052 893 2111 utilia
911 2049 1030 2111 decreta
1049 2063 1134 2131 atque
1147 2071 1186 2113 sss

83 2149 228 2209 statuta,
256 2146 366 2198 maturo
393 2137 587 2217 praesentium
613 2137 739 2216 ipsorum
766 2139 896 2197 examine
928 2135 1133 2217 praecedente,

105 2227 164 2284 sint
182 2222 273 2294 edita,
302 2223 403 2302 quibus
427 2224 515 2283 multa
535 2233 621 2302 atque
646 2222 760 2282 diversa
781 2224 947 2302 privilegia,
975 2224 1135 2303 exemptio·

105 2329 168 2381 nes,
195 2311 397 2382 immunitates,
426 2307 668 2388 dispensationes,
696 2309 863 2381 facultates,
888 2311 1134 2382 conservatoriae,

105 2394 227 2467 indulta,
246 2406 285 2467 et,
304 2405 458 2465 ntvocaut,
478 2395 709 2466 confessionalis,
729 2406 759 2454 et
772 2413 849 2454 mare
861 2414 1001 2474 magnum,
1021 2395 1134 2455 etaliae

106 2483 234 2560 gratiae,
258 2500 330 2560 quae
349 2482 437 2540 variis
455 2491 510 2538 tam
531 2479 757 2552 cathedralibus,
786 2484 871 2540 ctiam
895 2481 1134 2561 metropolitanis,
1223 2515 1225 2520 ·

107 2587 190 2648 mam
214 2566 378 2646 collegiatis
401 2566 549 2639 ecclesiis,
577 2567 770 2640 monasteriis,
799 2568 999 2639 conventibus,
1022 2577 1055 2627 et
1071 2567 1135 2627 aliis

105 2653 266 2732 religiosis,
290 2655 376 2712 etiam
399 2652 517 2710 fratrum
539 2649 759 2713 mendicantium
782 2651 911 2712 domibus
929 2663 959 2713 et
977 2651 1134 2726 ordinibus,
1201 2643 1205 2652 ’

103 2759 162 2800 nec
181 2757 238 2798 non
256 2739 349 2798 sancti
367 2735 490 2816 Spiritus
508 2739 536 2796 in
556 2735 653 2807 Saxia,
676 2739 769 2798 sancti
787 2738 903 2797 loannis
921 2736 1135 2810 Lateranensis,

107 2844 142 2886 ac
166 2824 366 2884 incurabilium
389 2821 425 2882 de
444 2821 536 2894 Urbe,
560 2823 650 2882 sancti
668 2820 787 2881 Antonii
805 2822 977 2882 Viennensis
995 2833 1026 2882 et
1043 2824 1136 2882 sancti

106 2909 249 2971 Bernardi
268 2909 393 2969 lucensis
410 2909 530 2988 aliisque
548 2907 749 2988 hospitalibus,
773 2909 888 2986 militiis,
912 2927 1067 2988 eorumque
1087 2927 1136 2967 ca·

107 2996 205 3077 pitulis
224 3007 255 3056 et
272 2995 469 3066 conventibus,
489 3015 524 3055 ac
542 2995 784 3065 universitatibus,
804 2995 889 3053 etiarn
908 2991 1065 3052 studiorum
1084 3012 1137 3072 ge·
1165 3036 1173 3047 .
1193 3027 1195 3032 ,
1294 3023 1300 3034 ·

108 3082 247 3141 uenalium
266 3081 413 3160 collegiis,
437 3091 495 3140 tam
513 3081 709 3140 saecularibus
727 3100 809 3160 quam
828 3079 1045 3151 ecclesiasticis,
1066 3099 1137 3138 cou-

106 3168 350 3237 fraternitatibus,
373 3166 574 3238 societatibus,
598 3177 628 3226 et
645 3177 701 3225 tam
720 3166 857 3245 principis
874 3165 1079 3246 Apostolorum
1099 3164 1136 3226 de

108 3251 196 3324 Urbe,
217 3272 299 3331 quam
317 3253 382 3312 aliis
400 3252 526 3323 fabricis,
546 3263 663 3311 sanctae
679 3251 841 3324 Cruciatae,
860 3252 979 3331 aliisque
993 3253 1048 3331 piis
1063 3252 1136 3312 locis

107 3339 307 3417 emporibus,
336 3356 390 3397 nec
417 3357 474 3396 uou
501 3337 687 3416 patriarchis,
715 3338 957 3416 archiepiscopis,
980 3337 1135 3417 episcopis,

106 3415 255 3503 praelatis,
273 3422 434 3495 abbatibus,
453 3422 613 3494 abbatissis,
632 3423 792 3504 prioribus,
814 3422 1001 3502 praepositis,
1025 3431 1056 3480 et
1072 3421 1136 3480 aliis

107 3509 331 3581 ecclesiasticis,
359 3519 416 3568 tam
438 3508 633 3570 saecularibus
656 3528 738 3589 qnam
760 3506 937 3568 diversorum
957 3504 1087 3566 ordinum
1106 3515 1137 3568 et

106 3595 272 3656 militiarum
290 3593 485 3674 regularibus,
508 3614 542 3654 ac
561 3595 647 3654 etium
666 3594 748 3656 laicis
766 3595 959 3673 cuiuscunque
978 3591 1135 3672 diguitatis,
1192 3629 1215 3654 m

108 3693 139 3742 ct
155 3692 247 3742 status
265 3701 300 3742 ac
318 3679 434 3762 gradus,
454 3691 484 3740 ct
501 3680 702 3752 excellentiae,
722 3683 861 3740 aretiam
881 3678 986 3752 ducali,
1005 3680 1088 3758 regin
1106 3689 1138 3737 et
1192 3741 1194 3746 ,

107 3768 250 3846 imperiali
271 3766 414 3846 dignitate
437 3766 611 3846 fulgentibus
633 3767 780 3846 utriusque
803 3785 888 3826 sexus
910 3767 1056 3846 personis,
1081 3784 1135 3824 nec

107 3873 165 3912 nou
183 3853 326 3933 aliquibus
343 3854 472 3926 notariis,
491 3863 522 3914 et
539 3854 625 3914 etiam
640 3851 676 3912 de
691 3853 783 3913 latere
797 3853 901 3933 legatis
914 3864 999 3932 atque
1014 3851 1135 3922 nunciis,
1191 3849 1194 3856 '

109 3948 165 3998 tam
184 3952 326 4020 perpetuo
346 3959 428 4020 quam
447 3939 483 4000 nd
501 3947 620 4020 tempus,
639 3959 693 4019 per
710 3939 807 4019 plures
825 3939 969 4000 Romanos
979 3937 1139 3999 Pontifices
