2654 4334
317 302 471 359 SESSlO
491 302 577 356 XXV.
614 301 970 359 c'oNntN.snss.·
1060 306 1139 363 1οὅ

108 448 232 530 plurima
261 446 290 504 in
307 444 477 506 Christiano
501 444 607 524 populo
626 443 768 504 nbusuum
790 465 876 505 causa
902 447 996 518 duxit,
1025 448 1139 507 omnino

110 530 272 594 abolendos
295 549 370 592 esse.
424 530 546 590 Ceteros
569 549 654 599 vero,
683 531 730 611 qui
752 549 791 590 ex
811 532 1030 610 superstitione,
1057 534 1142 612 igno·

110 620 222 690 rantia,
246 616 437 678 irreverentia
459 625 509 675 aut
526 615 640 676 aliunde
660 615 914 698 quomodocunque
936 628 1140 698 provenerunt,

111 725 198 785 mum
222 703 259 763 ob
282 703 456 782 multiplices
480 701 609 761 locorum
633 711 663 761 et
678 703 904 780 provinciarum,
932 702 1006 784 apud
1025 723 1094 783 quas
1112 705 1141 763 bi

112 791 343 859 committuntur,
363 788 543 866 corruptelas
562 785 711 847 commode
730 798 873 868 nequeant
890 789 1057 868 specialiter
1074 809 1142 870 pro-

112 876 223 948 hiberi,
252 873 368 934 mandat
395 872 524 932 omnibns
556 873 702 953 episcopis
712 871 755 953 ¹),
784 884 815 932 nt
841 865 996 954 diligenter
1023 876 1141 956 quisque

112 958 275 1021 huiusmodi
285 959 388 1019 abusus
407 958 550 1020 eeclesiae
569 977 638 1018 suae
658 959 785 1037 colligat,
804 978 911 1041 eosque
930 960 1060 1040 inprime
1074 981 1142 1040 syn·

113 1046 173 1106 odo
191 1045 362 1126 provinciali
381 1045 504 1116 referat,
522 1054 569 1116 ut,
587 1043 708 1104 aliorum
727 1063 839 1125 quoque
859 1047 1058 1126 episcoporum
1077 1065 1158 1122 sen·¹

112 1134 207 1214 tentia
226 1132 357 1210 cognita,
376 1130 470 1189 statim
489 1128 525 1188 ad
544 1149 678 1189 summum
698 1127 853 1190 Romanum
872 1129 1042 1192 Pontificem
1061 1130 1143 1192 dele·

112 1228 225 1289 rantur,
245 1219 325 1276 ouins
343 1216 516 1275 auctoritate
532 1213 722 1296 etprudentia
740 1213 815 1294 qnod
826 1217 980 1276 universali
998 1216 1143 1278 ecclesiae

114 1303 254 1384 expediet
279 1312 433 1372 statuatur,
466 1312 498 1359 ut
524 1302 564 1359 ita
590 1311 752 1360 sanctarum
779 1299 1018 1379 indulgentiarum
1046 1303 1144 1362 munus

113 1391 173 1468 pie,
193 1398 292 1448 sancte
312 1398 343 1446 et
360 1389 527 1466 incorrupte
547 1385 676 1446 omnibus
694 1385 826 1447 fidelibus
845 1385 1034 1468 dispensetur.

289 1543 331 1589 De
348 1542 447 1590 delectu
466 1543 591 1601 othonus,
614 1541 718 1589 taeniis
740 1548 768 1588 et
784 1541 871 1589 diebus
881 1544 973 1609 fontir.
1156 1561 1196 1602 m

204 1644 324 1723 lnsuper
349 1645 481 1704 bortatur
506 1653 606 1702 uncta
633 1641 773 1722 synodus,
800 1652 831 1701 et
857 1661 910 1721 per
938 1643 1145 1702 sanctissimum

115 1731 233 1790 Domini
255 1730 346 1790 nostri
368 1726 631 1809 atque'Selvatoris
653 1727 804 1788 adventum
822 1738 954 1806 pastores
977 1747 1075 1788 omnes
1094 1728 1147 1787 ob·

117 1827 255 1888 testatur,
274 1826 306 1874 ut
323 1827 454 1895 tanquam
472 1813 542 1872 boni
560 1814 665 1872 milites
683 1813 733 1871 illa
751 1814 860 1884 omnia,
880 1831 952 1892 quae
970 1824 1070 1875 sancta
1087 1811 1146 1872 llo·

117 1921 202 1961 mana
220 1901 355 1974 ecclesia,
376 1901 498 1960 omnium
517 1898 705 1958 eeclesiarum
716 1907 808 1957 mater
825 1908 856 1956 et
872 1899 1018 1976 magistra,
1038 1901 1146 1970 statuit,

116 2007 174 2047 neo
192 2005 250 2046 non
267 2006 317 2057 ea,
350 2006 422 2066 qnae
441 1997 497 2045 tatu
516 1986 545 2043 in
563 1982 619 2042 boo
639 1984 763 2043 coneilio
782 2002 864 2062 quam
882 1985 912 2042 in
930 1985 994 2043 aliis
1012 2002 1148 2044 oecume-

117 2073 193 2132 nicis
211 2081 318 2132 statuta
335 2083 412 2144 sunt,
433 2070 645 2151 quibuscunque
664 2067 795 2129 fidelibus
813 2066 912 2128 sedulo
932 2066 1146 2140 commendent3

118 2159 254 2238 omnique
276 2156 423 2236 diligentia
448 2166 575 2227 utamur,
599 2165 632 2213 ut
648 2155 705 2213 illis
728 2153 870 2227 omnibns,
891 2163 921 2214 et
939 2155 973 2214 iis
991 2154 1147 2235 praecipue

118 2246 178 2304 sint
199 2244 404 2323 obsequentes,
430 2261 502 2322 quae
524 2239 561 2300 ad
584 2238 810 2300 mortificandam
834 2259 950 2300 earnem
973 2239 1147 2311 conducunt,

118 2341 151 2389 ut
164 2330 294 2389 ciborum
308 2327 438 2389 delectus
455 2337 486 2387 et
503 2327 619 2397 ieiunia,
637 2325 683 2384 vel
702 2326 798 2397 etiam,
818 2344 890 2404 quae
908 2324 1072 2385 lacinutad
1086 2327 1149 2405 pie·

118 2426 209 2474 tatem
227 2412 400 2494 augendam,
428 2424 460 2473 nt
481 2411 591 2472 dierum
614 2412 753 2471 festorum
772 2408 876 2470 devota
894 2421 924 2470 ot
941 2411 1080 2489 religiosa
1099 2429 1149 2470 ce·

117 2501 275 2574 lebratio;·
293 2498 480 2559 admonentes
510 2498 631 2577 populos
664 2496 783 2568 crebro,
821 2495 940 2556 obedire
977 2497 1149 2577 praepositis

118 2584 232 2666 suist),
257 2604 327 2664 qnos
349 2587 398 2665 qni
421 2583 541 2644 audiunt
562 2582 652 2642 Deum
674 2592 922 2642 remuneratorem
945 2581 1078 2654 audient,
1102 2584 1150 2661 qui

118 2690 191 2730 vero
211 2680 396 2731 contemnunt
413 2670 503 2731 Deum
522 2671 612 2749 ipsum
631 2667 752 2727 ultorem
770 2670 904 2727 sentient

216 2826 258 2872 De
274 2825 357 2872 indies
375 2825 498 2871 librorum
516 2829 542 2870 et
561 2821 732 2884 catechismo,
755 2823 884 2870 breviario
902 2827 931 2867 et
947 2823 1055 2869 missali.

209 2926 404 2987 Sacrosancta
422 2923 548 3004 synodus
566 2927 594 2984 in
613 2921 741 2984 secunda
758 2924 885 2982 sessione
895 2923 939 2996 ³),
959 2921 1011 2981 sub
1030 2922 1150 2982 sanetis-
1236 2913 1243 2922 '

120 3017 194 3074 simo
222 3011 337 3071 domino
364 3021 464 3069 nostro
491 3009 543 3070 Pio
563 3010 613 3069 lV.
641 3008 801 3088 celebrata,
834 3006 955 3067 delectis
983 3005 1150 3086 quibusdam
1260 3068 1274 3080 ,

120 3098 256 3158 Patribus
275 3097 425 3167 commisit,
444 3107 475 3154 ut
493 3095 529 3155 do
548 3096 634 3156 variis
645 3094 774 3155 censuris
791 3113 826 3152 ae
845 3091 934 3164 libris,
953 3091 1000 3153 vel
1010 3093 1151 3172 suspectis

119 3185 168 3244 vel
186 3183 372 3262 perniciosis,
397 3180 463 3261 qnid
486 3182 564 3242 iacto
591 3199 661 3261 opus
680 3191 758 3240 esset
775 3177 992 3239 considerarent
1009 3187 1097 3258 atque
1115 3176 1152 3237 ad

122 3273 214 3349 ipsam
232 3279 359 3331 sanctam
378 3266 516 3346 synodum
535 3268 688 3327 referrent.
733 3264 861 3325 Audiens
880 3283 964 3335 nune,
983 3264 1051 3324 buie
1069 3266 1152 3345 operi

117 3355 159 3431 ,ab
182 3356 226 3414 eis
249 3365 405 3415 extremam
433 3373 544 3413 manum
567 3353 728 3431 impositam
750 3371 828 3422 csse,
856 3369 910 3409 neo
932 3359 1029 3409 tamen
1056 3348 1093 3408 ob
1118 3350 1152 3407 li-

121 3441 241 3500 brorum
255 3439 425 3501 varietatem
439 3449 469 3499 et
483 3438 689 3498 multitudinem
703 3439 795 3518 possit
808 3437 942 3497 distincte
957 3444 988 3496 et
1002 3433 1151 3494 commode

122 3547 141 3585 a
159 3535 262 3586 sancta
279 3523 390 3606 synodo
409 3523 575 3595 diiudicari,
594 3526 745 3604 praecipit,
765 3534 796 3583 ut
813 3519 946 3604 quioquid
957 3520 993 3581 ab
1003 3521 1060 3580 illis
1069 3539 1153 3601 prae·

124 3612 223 3671 stitnm
246 3621 303 3674 est,
317 3612 495 3670 sanctissimo
518 3608 647 3669 Romano
671 3609 803 3668 Pontifici
831 3607 1010 3680 exhibeatur,
1038 3617 1070 3666 ut
1091 3609 1152 3666 eius
1165 3628 1205 3670 tos
1244 3657 1247 3669 .

124 3695 234 3757 iudicio
253 3707 337 3776 atque
356 3697 529 3756 auctoritate
548 3696 717 3756 terminetur
726 3695 756 3773 ⁴)
774 3705 804 3752 et
822 3693 980 3770 evulgetur.
1018 3691 1152 3770 Idemque

178 3929 256 3975 Sese.
270 3929 350 3976 XXV.
375 3932 400 4027 Q
412 3929 445 3974 ei.
455 3931 519 3974 Sene.
530 3929 601 3975 XXI.
611 3931 639 3976 de
649 3927 694 3974 rei.
705 3943 725 3972 o.
735 3931 752 3972 t,
764 3952 790 3963 -
810 3932 834 3983 t)
848 3929 904 3974 Luc.
915 3927 946 3971 X.
957 3930 989 3972 tt.
1000 3928 1070 3970 Hebe.
1081 3924 1153 3971 xnt.

126 3985 194 4026 tu·-
220 3985 242 4034 8)
258 3981 364 4027 cf.Sest.
400 3981 621 4040 Vlll.inpninc.-
648 3977 1101 4036 etebiniraegulendelibrinprolnib.
