<?xml version="1.0" encoding="UTF-8"?>
<!DOCTYPE html PUBLIC "-//W3C//DTD XHTML 1.0 Transitional//EN"
    "http://www.w3.org/TR/xhtml1/DTD/xhtml1-transitional.dtd">
<html xmlns="http://www.w3.org/1999/xhtml" xml:lang="en" lang="en">
 <head>
  <title>
</title>
<meta http-equiv="Content-Type" content="text/html;charset=utf-8" />
  <meta name='ocr-system' content='tesseract 3.04.00' />
  <meta name='ocr-capabilities' content='ocr_page ocr_carea ocr_par ocr_line ocrx_word'/>
</head>
<body>
  <div class='ocr_page' id='page_1' title='image "./canonesetdecret00stergoog_0013.png"; bbox 0 0 2652 4330; ppageno 0'>
   <div class='ocr_carea' id='block_1_1' title="bbox 208 174 972 238">
    <p class='ocr_par' dir='ltr' id='par_1_1' title="bbox 208 174 972 238">
     <span class='ocr_line' id='line_1_1' title="bbox 208 174 972 238; baseline -0.01 0"><span class='ocrx_word' id='word_1_1' title='bbox 208 182 234 238; x_wconf 68' lang='grc' dir='ltr'>ί</span> <span class='ocrx_word' id='word_1_2' title='bbox 428 193 443 222; x_wconf 53' lang='lat'>⁸</span> <span class='ocrx_word' id='word_1_3' title='bbox 474 177 632 232; x_wconf 77' lang='lat' dir='ltr'><strong>BULLA</strong></span> <span class='ocrx_word' id='word_1_4' title='bbox 658 174 972 230; x_wconf 80' lang='lat' dir='ltr'>lNDlG&#39;l&#39;loNlS</span> 
     </span>
    </p>
   </div>
   <div class='ocr_carea' id='block_1_2' title="bbox 89 315 1276 3647">
    <p class='ocr_par' dir='ltr' id='par_1_2' title="bbox 89 315 1276 3647">
     <span class='ocr_line' id='line_1_2' title="bbox 182 315 1243 397; baseline 0.007 -20"><span class='ocrx_word' id='word_1_5' title='bbox 182 319 289 390; x_wconf 79' lang='lat' dir='ltr'>sliam,</span> <span class='ocrx_word' id='word_1_6' title='bbox 318 329 476 397; x_wconf 76' lang='lat' dir='ltr'>contraque</span> <span class='ocrx_word' id='word_1_7' title='bbox 493 315 639 377; x_wconf 84' lang='lat' dir='ltr'>Austriam</span> <span class='ocrx_word' id='word_1_8' title='bbox 663 327 694 376; x_wconf 92' lang='lat' dir='ltr'>et</span> <span class='ocrx_word' id='word_1_9' title='bbox 710 315 857 395; x_wconf 84' lang='lat' dir='ltr'>illyricum</span> <span class='ocrx_word' id='word_1_10' title='bbox 878 325 956 376; x_wconf 78' lang='lat' dir='ltr'>tem</span> <span class='ocrx_word' id='word_1_11' title='bbox 975 318 1103 397; x_wconf 89' lang='lat' dir='ltr'>marique</span> <span class='ocrx_word' id='word_1_12' title='bbox 1120 319 1243 397; x_wconf 82' lang='lat' dir='ltr'>bellum,</span> 
     </span>
     <span class='ocr_line' id='line_1_3' title="bbox 207 399 1240 484; baseline 0.006 -22"><span class='ocrx_word' id='word_1_13' title='bbox 207 423 290 482; x_wconf 90' lang='lat' dir='ltr'>quum</span> <span class='ocrx_word' id='word_1_14' title='bbox 307 403 411 483; x_wconf 90' lang='lat' dir='ltr'>impius</span> <span class='ocrx_word' id='word_1_15' title='bbox 429 415 460 463; x_wconf 89' lang='lat' dir='ltr'>et</span> <span class='ocrx_word' id='word_1_16' title='bbox 476 403 590 462; x_wconf 88' lang='lat' dir='ltr'>immitis</span> <span class='ocrx_word' id='word_1_17' title='bbox 608 402 698 462; x_wconf 88' lang='lat' dir='ltr'>bostis</span> <span class='ocrx_word' id='word_1_18' title='bbox 716 411 817 460; x_wconf 88' lang='lat' dir='ltr'>noster</span> <span class='ocrx_word' id='word_1_19' title='bbox 832 399 927 463; x_wconf 75' lang='lat' dir='ltr'>&#39;l&#39;urca</span> <span class='ocrx_word' id='word_1_20' title='bbox 945 402 1021 462; x_wconf 92' lang='lat' dir='ltr'>nullo</span> <span class='ocrx_word' id='word_1_21' title='bbox 1040 411 1170 484; x_wconf 89' lang='lat' dir='ltr'>tempore</span> <span class='ocrx_word' id='word_1_22' title='bbox 1187 426 1240 468; x_wconf 90' lang='lat' dir='ltr'>re-</span> 
     </span>
     <span class='ocr_line' id='line_1_4' title="bbox 206 484 1240 568; baseline 0.004 -20"><span class='ocrx_word' id='word_1_23' title='bbox 206 490 386 568; x_wconf 81' lang='lat' dir='ltr'>quiesceret,</span> <span class='ocrx_word' id='word_1_24' title='bbox 414 488 634 568; x_wconf 85' lang='lat' dir='ltr'>nostrorumque</span> <span class='ocrx_word' id='word_1_25' title='bbox 656 488 734 547; x_wconf 86' lang='lat' dir='ltr'>inter</span> <span class='ocrx_word' id='word_1_26' title='bbox 755 505 787 545; x_wconf 87' lang='lat' dir='ltr'>se</span> <span class='ocrx_word' id='word_1_27' title='bbox 811 485 879 545; x_wconf 85' lang='lat' dir='ltr'>odia</span> <span class='ocrx_word' id='word_1_28' title='bbox 896 497 927 546; x_wconf 93' lang='lat' dir='ltr'>ct</span> <span class='ocrx_word' id='word_1_29' title='bbox 945 484 1139 550; x_wconf 82' lang='lat' dir='ltr'>dissensiones</span> <span class='ocrx_word' id='word_1_30' title='bbox 1156 511 1240 552; x_wconf 85' lang='lat' dir='ltr'>suam</span> 
     </span>
     <span class='ocr_line' id='line_1_5' title="bbox 204 570 1237 653; baseline 0.004 -20"><span class='ocrx_word' id='word_1_31' title='bbox 204 573 281 635; x_wconf 82' lang='lat' dir='ltr'>hene</span> <span class='ocrx_word' id='word_1_32' title='bbox 299 574 445 653; x_wconf 79' lang='lat' dir='ltr'>gerendae</span> <span class='ocrx_word' id='word_1_33' title='bbox 463 575 508 634; x_wconf 93' lang='lat' dir='ltr'>rei</span> <span class='ocrx_word' id='word_1_34' title='bbox 527 575 711 634; x_wconf 79' lang='lat' dir='ltr'>occasionem</span> <span class='ocrx_word' id='word_1_35' title='bbox 729 570 859 631; x_wconf 86' lang='lat' dir='ltr'>duceret.</span> <span class='ocrx_word' id='word_1_36' title='bbox 894 571 995 650; x_wconf 88' lang='lat' dir='ltr'>Igitur,</span> <span class='ocrx_word' id='word_1_37' title='bbox 1013 584 1045 632; x_wconf 92' lang='lat' dir='ltr'>ut</span> <span class='ocrx_word' id='word_1_38' title='bbox 1059 573 1237 652; x_wconf 76' lang='lat' dir='ltr'>dicebamus,</span> 
     </span>
     <span class='ocr_line' id='line_1_6' title="bbox 204 656 1236 738; baseline 0.004 -20"><span class='ocrx_word' id='word_1_39' title='bbox 204 661 234 718; x_wconf 93' lang='lat' dir='ltr'>in</span> <span class='ocrx_word' id='word_1_40' title='bbox 252 669 333 720; x_wconf 88' lang='lat' dir='ltr'>tauta</span> <span class='ocrx_word' id='word_1_41' title='bbox 350 660 515 731; x_wconf 78' lang='lat' dir='ltr'>haeresum,</span> <span class='ocrx_word' id='word_1_42' title='bbox 534 658 741 718; x_wconf 84' lang='lat' dir='ltr'>dissensionum</span> <span class='ocrx_word' id='word_1_43' title='bbox 758 656 954 736; x_wconf 90' lang='lat' dir='ltr'>bellorumque</span> <span class='ocrx_word' id='word_1_44' title='bbox 971 658 1152 738; x_wconf 86' lang='lat' dir='ltr'>tempestate,</span> <span class='ocrx_word' id='word_1_45' title='bbox 1171 673 1236 722; x_wconf 91' lang='lat' dir='ltr'>tan·</span> 
     </span>
     <span class='ocr_line' id='line_1_7' title="bbox 206 741 1237 825; baseline 0.005 -21"><span class='ocrx_word' id='word_1_46' title='bbox 206 746 299 825; x_wconf 87' lang='lat' dir='ltr'>tisque</span> <span class='ocrx_word' id='word_1_47' title='bbox 331 746 466 805; x_wconf 85' lang='lat' dir='ltr'>excitatis</span> <span class='ocrx_word' id='word_1_48' title='bbox 492 744 625 804; x_wconf 80' lang='lat' dir='ltr'>ductibus</span> <span class='ocrx_word' id='word_1_49' title='bbox 652 762 736 822; x_wconf 89' lang='lat' dir='ltr'>quum</span> <span class='ocrx_word' id='word_1_50' title='bbox 763 761 890 801; x_wconf 86' lang='lat' dir='ltr'>essemus</span> <span class='ocrx_word' id='word_1_51' title='bbox 916 741 953 801; x_wconf 87' lang='lat' dir='ltr'>ad</span> <span class='ocrx_word' id='word_1_52' title='bbox 977 744 1181 807; x_wconf 88' lang='lat' dir='ltr'>moderandam</span> <span class='ocrx_word' id='word_1_53' title='bbox 1204 759 1237 809; x_wconf 87' lang='lat' dir='ltr'>et</span> 
     </span>
     <span class='ocr_line' id='line_1_8' title="bbox 203 828 1235 908; baseline 0.004 -20"><span class='ocrx_word' id='word_1_54' title='bbox 203 829 419 908; x_wconf 89' lang='lat' dir='ltr'>gubernandam</span> <span class='ocrx_word' id='word_1_55' title='bbox 438 829 518 889; x_wconf 92' lang='lat' dir='ltr'>Petri</span> <span class='ocrx_word' id='word_1_56' title='bbox 540 828 699 888; x_wconf 80' lang='lat' dir='ltr'>naviculam</span> <span class='ocrx_word' id='word_1_57' title='bbox 716 829 828 899; x_wconf 87' lang='lat' dir='ltr'>vocati,</span> <span class='ocrx_word' id='word_1_58' title='bbox 857 845 911 887; x_wconf 87' lang='lat' dir='ltr'>nec</span> <span class='ocrx_word' id='word_1_59' title='bbox 929 829 1037 888; x_wconf 86' lang='lat' dir='ltr'>viribus</span> <span class='ocrx_word' id='word_1_60' title='bbox 1054 831 1109 908; x_wconf 89' lang='lat' dir='ltr'>ipsi</span> <span class='ocrx_word' id='word_1_61' title='bbox 1128 835 1235 906; x_wconf 80' lang='lat' dir='ltr'>nostris</span> 
     </span>
     <span class='ocr_line' id='line_1_9' title="bbox 203 911 1235 994; baseline 0.004 -20"><span class='ocrx_word' id='word_1_62' title='bbox 203 916 274 974; x_wconf 89' lang='lat' dir='ltr'>satis</span> <span class='ocrx_word' id='word_1_63' title='bbox 291 914 460 987; x_wconf 84' lang='lat' dir='ltr'>fideremus,</span> <span class='ocrx_word' id='word_1_64' title='bbox 486 915 608 994; x_wconf 87' lang='lat' dir='ltr'>primum</span> <span class='ocrx_word' id='word_1_65' title='bbox 629 913 807 974; x_wconf 86' lang='lat' dir='ltr'>coniecimns</span> <span class='ocrx_word' id='word_1_66' title='bbox 829 914 858 971; x_wconf 93' lang='lat' dir='ltr'>in</span> <span class='ocrx_word' id='word_1_67' title='bbox 876 911 998 975; x_wconf 87' lang='lat' dir='ltr'>Domino</span> <span class='ocrx_word' id='word_1_68' title='bbox 1018 916 1162 993; x_wconf 88' lang='lat' dir='ltr'>cogitatus</span> <span class='ocrx_word' id='word_1_69' title='bbox 1181 938 1235 978; x_wconf 82' lang='lat' dir='ltr'>no·</span> 
     </span>
     <span class='ocr_line' id='line_1_10' title="bbox 203 995 1237 1079; baseline 0.005 -20"><span class='ocrx_word' id='word_1_70' title='bbox 203 1001 338 1075; x_wconf 75' lang='lat' dir='ltr'>stros1),</span> <span class='ocrx_word' id='word_1_71' title='bbox 355 1011 388 1060; x_wconf 90' lang='lat' dir='ltr'>ut</span> <span class='ocrx_word' id='word_1_72' title='bbox 404 1000 466 1079; x_wconf 92' lang='lat' dir='ltr'>ipse</span> <span class='ocrx_word' id='word_1_73' title='bbox 485 995 538 1059; x_wconf 83' lang='lat' dir='ltr'>nos</span> <span class='ocrx_word' id='word_1_74' title='bbox 556 1000 688 1072; x_wconf 90' lang='lat' dir='ltr'>nutriret,</span> <span class='ocrx_word' id='word_1_75' title='bbox 707 999 890 1076; x_wconf 62' lang='lat' dir='ltr'>altinumque</span> <span class='ocrx_word' id='word_1_76' title='bbox 904 1009 1032 1058; x_wconf 85' lang='lat' dir='ltr'>nostrum</span> <span class='ocrx_word' id='word_1_77' title='bbox 1050 1000 1184 1062; x_wconf 77' lang='lat' dir='ltr'>firmitate</span> <span class='ocrx_word' id='word_1_78' title='bbox 1202 1014 1237 1064; x_wconf 86' lang='lat' dir='ltr'>et</span> 
     </span>
     <span class='ocr_line' id='line_1_11' title="bbox 202 1084 1234 1164; baseline 0.002 -18"><span class='ocrx_word' id='word_1_79' title='bbox 202 1086 326 1158; x_wconf 89' lang='lat' dir='ltr'>robore,</span> <span class='ocrx_word' id='word_1_80' title='bbox 358 1096 483 1154; x_wconf 85' lang='lat' dir='ltr'>mentem</span> <span class='ocrx_word' id='word_1_81' title='bbox 515 1085 637 1146; x_wconf 86' lang='lat' dir='ltr'>consilio</span> <span class='ocrx_word' id='word_1_82' title='bbox 669 1084 867 1164; x_wconf 85' lang='lat' dir='ltr'>sapientiaque</span> <span class='ocrx_word' id='word_1_83' title='bbox 894 1084 1060 1145; x_wconf 86' lang='lat' dir='ltr'>instrueret.</span> <span class='ocrx_word' id='word_1_84' title='bbox 1082 1099 1086 1105; x_wconf 89' lang='grc'>’</span> <span class='ocrx_word' id='word_1_85' title='bbox 1109 1085 1234 1162; x_wconf 87' lang='lat' dir='ltr'>Deinde,</span> 
     </span>
     <span class='ocr_line' id='line_1_12' title="bbox 202 1169 1236 1251; baseline 0.004 -21"><span class='ocrx_word' id='word_1_86' title='bbox 202 1173 298 1231; x_wconf 87' lang='lat' dir='ltr'>animo</span> <span class='ocrx_word' id='word_1_87' title='bbox 324 1182 505 1251; x_wconf 78' lang='lat' dir='ltr'>repetentes,</span> <span class='ocrx_word' id='word_1_88' title='bbox 533 1173 657 1231; x_wconf 88' lang='lat' dir='ltr'>maiores</span> <span class='ocrx_word' id='word_1_89' title='bbox 684 1180 814 1242; x_wconf 89' lang='lat' dir='ltr'>nostros,</span> <span class='ocrx_word' id='word_1_90' title='bbox 846 1170 988 1248; x_wconf 85' lang='lat' dir='ltr'>sapientia</span> <span class='ocrx_word' id='word_1_91' title='bbox 1014 1169 1175 1232; x_wconf 82' lang='lat' dir='ltr'>admirabili</span> <span class='ocrx_word' id='word_1_92' title='bbox 1202 1185 1236 1234; x_wconf 88' lang='lat' dir='ltr'>et</span> 
     </span>
     <span class='ocr_line' id='line_1_13' title="bbox 201 1255 1232 1337; baseline 0.002 -21"><span class='ocrx_word' id='word_1_93' title='bbox 201 1257 356 1320; x_wconf 71' lang='lat' dir='ltr'>sanctitate</span> <span class='ocrx_word' id='word_1_94' title='bbox 374 1257 537 1336; x_wconf 86' lang='lat' dir='ltr'>praeditos,</span> <span class='ocrx_word' id='word_1_95' title='bbox 564 1275 652 1336; x_wconf 88' lang='lat' dir='ltr'>saepe</span> <span class='ocrx_word' id='word_1_96' title='bbox 674 1257 704 1316; x_wconf 89' lang='lat' dir='ltr'>in</span> <span class='ocrx_word' id='word_1_97' title='bbox 722 1257 836 1318; x_wconf 84' lang='lat' dir='ltr'>summis</span> <span class='ocrx_word' id='word_1_98' title='bbox 855 1255 1035 1317; x_wconf 81' lang='lat' dir='ltr'>Christianae</span> <span class='ocrx_word' id='word_1_99' title='bbox 1052 1257 1232 1337; x_wconf 86' lang='lat' dir='ltr'>reipublicae</span> 
     </span>
     <span class='ocr_line' id='line_1_14' title="bbox 199 1341 1232 1423; baseline 0.001 -22"><span class='ocrx_word' id='word_1_100' title='bbox 199 1344 339 1422; x_wconf 89' lang='lat' dir='ltr'>periculis</span> <span class='ocrx_word' id='word_1_101' title='bbox 360 1341 518 1408; x_wconf 87' lang='lat' dir='ltr'>remedium</span> <span class='ocrx_word' id='word_1_102' title='bbox 541 1344 677 1423; x_wconf 88' lang='lat' dir='ltr'>optimum</span> <span class='ocrx_word' id='word_1_103' title='bbox 700 1352 786 1422; x_wconf 88' lang='lat' dir='ltr'>atque</span> <span class='ocrx_word' id='word_1_104' title='bbox 809 1342 1077 1422; x_wconf 89' lang='lat' dir='ltr'>opportunissimum</span> <span class='ocrx_word' id='word_1_105' title='bbox 1095 1363 1232 1402; x_wconf 82' lang='lat' dir='ltr'>oecume-</span> 
     </span>
     <span class='ocr_line' id='line_1_15' title="bbox 199 1423 1230 1509; baseline 0.004 -24"><span class='ocrx_word' id='word_1_106' title='bbox 199 1429 267 1486; x_wconf 90' lang='lat' dir='ltr'>nica</span> <span class='ocrx_word' id='word_1_107' title='bbox 290 1429 414 1488; x_wconf 87' lang='lat' dir='ltr'>concilia</span> <span class='ocrx_word' id='word_1_108' title='bbox 433 1440 463 1488; x_wconf 90' lang='lat' dir='ltr'>et</span> <span class='ocrx_word' id='word_1_109' title='bbox 481 1431 682 1509; x_wconf 89' lang='lat' dir='ltr'>episcoporum</span> <span class='ocrx_word' id='word_1_110' title='bbox 701 1428 854 1506; x_wconf 83' lang='lat' dir='ltr'>generales</span> <span class='ocrx_word' id='word_1_111' title='bbox 874 1423 1031 1502; x_wconf 82' lang='lat' dir='ltr'>conventus</span> <span class='ocrx_word' id='word_1_112' title='bbox 1050 1427 1230 1490; x_wconf 80' lang='lat' dir='ltr'>adhibuisse:</span> 
     </span>
     <span class='ocr_line' id='line_1_16' title="bbox 198 1511 1231 1594; baseline 0.004 -23"><span class='ocrx_word' id='word_1_113' title='bbox 198 1513 255 1592; x_wconf 89' lang='lat' dir='ltr'>ipsi</span> <span class='ocrx_word' id='word_1_114' title='bbox 277 1532 390 1594; x_wconf 90' lang='lat' dir='ltr'>quoque</span> <span class='ocrx_word' id='word_1_115' title='bbox 414 1516 537 1574; x_wconf 87' lang='lat' dir='ltr'>animum</span> <span class='ocrx_word' id='word_1_116' title='bbox 556 1514 593 1574; x_wconf 87' lang='lat' dir='ltr'>ad</span> <span class='ocrx_word' id='word_1_117' title='bbox 612 1514 749 1593; x_wconf 87' lang='lat' dir='ltr'>generale</span> <span class='ocrx_word' id='word_1_118' title='bbox 767 1511 929 1573; x_wconf 89' lang='lat' dir='ltr'>babendum</span> <span class='ocrx_word' id='word_1_119' title='bbox 948 1513 1100 1573; x_wconf 88' lang='lat' dir='ltr'>concilium</span> <span class='ocrx_word' id='word_1_120' title='bbox 1118 1514 1231 1575; x_wconf 89' lang='lat' dir='ltr'>adieci-</span> 
     </span>
     <span class='ocr_line' id='line_1_17' title="bbox 198 1599 1230 1680; baseline 0.004 -24"><span class='ocrx_word' id='word_1_121' title='bbox 198 1617 275 1670; x_wconf 84' lang='lat' dir='ltr'>mus,</span> <span class='ocrx_word' id='word_1_122' title='bbox 303 1601 510 1680; x_wconf 86' lang='lat' dir='ltr'>exquisitisque</span> <span class='ocrx_word' id='word_1_123' title='bbox 532 1602 693 1679; x_wconf 82' lang='lat' dir='ltr'>principum</span> <span class='ocrx_word' id='word_1_124' title='bbox 716 1601 880 1669; x_wconf 91' lang='lat' dir='ltr'>sententiis,</span> <span class='ocrx_word' id='word_1_125' title='bbox 907 1618 1026 1677; x_wconf 86' lang='lat' dir='ltr'>quorum</span> <span class='ocrx_word' id='word_1_126' title='bbox 1049 1599 1132 1660; x_wconf 86' lang='lat' dir='ltr'>nobis</span> <span class='ocrx_word' id='word_1_127' title='bbox 1149 1599 1230 1660; x_wconf 90' lang='lat' dir='ltr'>vide-</span> 
     </span>
     <span class='ocr_line' id='line_1_18' title="bbox 198 1683 1231 1764; baseline 0.004 -23"><span class='ocrx_word' id='word_1_128' title='bbox 198 1683 285 1743; x_wconf 88' lang='lat' dir='ltr'>batur</span> <span class='ocrx_word' id='word_1_129' title='bbox 305 1685 383 1744; x_wconf 88' lang='lat' dir='ltr'>utilis</span> <span class='ocrx_word' id='word_1_130' title='bbox 405 1686 435 1743; x_wconf 95' lang='lat' dir='ltr'>in</span> <span class='ocrx_word' id='word_1_131' title='bbox 453 1687 552 1764; x_wconf 90' lang='lat' dir='ltr'>primis</span> <span class='ocrx_word' id='word_1_132' title='bbox 570 1695 601 1746; x_wconf 91' lang='lat' dir='ltr'>et</span> <span class='ocrx_word' id='word_1_133' title='bbox 618 1693 779 1764; x_wconf 87' lang='lat' dir='ltr'>opportuna</span> <span class='ocrx_word' id='word_1_134' title='bbox 796 1684 833 1744; x_wconf 89' lang='lat' dir='ltr'>ad</span> <span class='ocrx_word' id='word_1_135' title='bbox 851 1685 925 1743; x_wconf 87' lang='lat' dir='ltr'>banc</span> <span class='ocrx_word' id='word_1_136' title='bbox 943 1703 1009 1758; x_wconf 84' lang='lat' dir='ltr'>rem</span> <span class='ocrx_word' id='word_1_137' title='bbox 1023 1702 1088 1744; x_wconf 91' lang='lat' dir='ltr'>esse</span> <span class='ocrx_word' id='word_1_138' title='bbox 1107 1703 1231 1745; x_wconf 83' lang='lat' dir='ltr'>consen-</span> 
     </span>
     <span class='ocr_line' id='line_1_19' title="bbox 89 1769 1229 1850; baseline -0.002 -18"><span class='ocrx_word' id='word_1_139' title='bbox 89 1821 92 1832; x_wconf 93' lang='lat'><em>.</em></span> <span class='ocrx_word' id='word_1_140' title='bbox 199 1769 258 1840; x_wconf 90' lang='lat' dir='ltr'>sio,</span> <span class='ocrx_word' id='word_1_141' title='bbox 286 1789 370 1849; x_wconf 88' lang='lat' dir='ltr'>quum</span> <span class='ocrx_word' id='word_1_142' title='bbox 393 1790 445 1830; x_wconf 90' lang='lat' dir='ltr'>eos</span> <span class='ocrx_word' id='word_1_143' title='bbox 463 1781 530 1831; x_wconf 90' lang='lat' dir='ltr'>tunc</span> <span class='ocrx_word' id='word_1_144' title='bbox 549 1789 607 1830; x_wconf 89' lang='lat' dir='ltr'>nou</span> <span class='ocrx_word' id='word_1_145' title='bbox 625 1771 736 1830; x_wconf 86' lang='lat' dir='ltr'>alienos</span> <span class='ocrx_word' id='word_1_146' title='bbox 753 1772 789 1830; x_wconf 91' lang='lat' dir='ltr'>ab</span> <span class='ocrx_word' id='word_1_147' title='bbox 808 1770 864 1829; x_wconf 88' lang='lat' dir='ltr'>boc</span> <span class='ocrx_word' id='word_1_148' title='bbox 882 1780 940 1828; x_wconf 90' lang='lat' dir='ltr'>tam</span> <span class='ocrx_word' id='word_1_149' title='bbox 958 1781 1058 1829; x_wconf 90' lang='lat' dir='ltr'>sancto</span> <span class='ocrx_word' id='word_1_150' title='bbox 1078 1785 1171 1850; x_wconf 75' lang='lat' dir='ltr'>opere</span> <span class='ocrx_word' id='word_1_151' title='bbox 1184 1771 1229 1830; x_wconf 82' lang='lat' dir='ltr'>io·</span> 
     </span>
     <span class='ocr_line' id='line_1_20' title="bbox 196 1856 1228 1933; baseline 0.001 -19"><span class='ocrx_word' id='word_1_152' title='bbox 196 1856 391 1928; x_wconf 85' lang='lat' dir='ltr'>venissemus,</span> <span class='ocrx_word' id='word_1_153' title='bbox 424 1859 640 1918; x_wconf 86' lang='lat' dir='ltr'>oecumenicum</span> <span class='ocrx_word' id='word_1_154' title='bbox 667 1857 839 1928; x_wconf 87' lang='lat' dir='ltr'>concilium,</span> <span class='ocrx_word' id='word_1_155' title='bbox 871 1866 902 1915; x_wconf 93' lang='lat' dir='ltr'>et</span> <span class='ocrx_word' id='word_1_156' title='bbox 932 1856 1098 1933; x_wconf 80' lang='lat' dir='ltr'>generalem</span> <span class='ocrx_word' id='word_1_157' title='bbox 1128 1875 1228 1916; x_wconf 89' lang='lat' dir='ltr'>eorum</span> 
     </span>
     <span class='ocr_line' id='line_1_21' title="bbox 132 1941 1229 2024; baseline 0 -25"><span class='ocrx_word' id='word_1_158' title='bbox 132 2009 134 2012; x_wconf 23' lang='lat'>¹</span> <span class='ocrx_word' id='word_1_159' title='bbox 197 1941 399 2022; x_wconf 88' lang='lat' dir='ltr'>episcoporum</span> <span class='ocrx_word' id='word_1_160' title='bbox 419 1943 597 2024; x_wconf 87' lang='lat' dir='ltr'>aliorumque</span> <span class='ocrx_word' id='word_1_161' title='bbox 616 1942 745 2016; x_wconf 82' lang='lat' dir='ltr'>Petrum,</span> <span class='ocrx_word' id='word_1_162' title='bbox 764 1941 802 2002; x_wconf 87' lang='lat' dir='ltr'>ad</span> <span class='ocrx_word' id='word_1_163' title='bbox 821 1961 892 2022; x_wconf 90' lang='lat' dir='ltr'>quos</span> <span class='ocrx_word' id='word_1_164' title='bbox 909 1941 1083 2020; x_wconf 70' lang='lat' dir='ltr'>pertineret,</span> <span class='ocrx_word' id='word_1_165' title='bbox 1102 1960 1229 2000; x_wconf 79' lang='lat' dir='ltr'>conven-</span> 
     </span>
     <span class='ocr_line' id='line_1_22' title="bbox 195 2025 1228 2100; baseline 0 -16"><span class='ocrx_word' id='word_1_166' title='bbox 195 2035 257 2084; x_wconf 86' lang='lat' dir='ltr'>tum</span> <span class='ocrx_word' id='word_1_167' title='bbox 272 2027 302 2084; x_wconf 91' lang='lat' dir='ltr'>in</span> <span class='ocrx_word' id='word_1_168' title='bbox 321 2029 439 2086; x_wconf 73' lang='lat' dir='ltr'>civitate</span> <span class='ocrx_word' id='word_1_169' title='bbox 452 2028 589 2088; x_wconf 83' lang='lat' dir='ltr'>Mantuae</span> <span class='ocrx_word' id='word_1_170' title='bbox 608 2028 770 2100; x_wconf 84' lang='lat' dir='ltr'>indiximus,</span> <span class='ocrx_word' id='word_1_171' title='bbox 788 2044 865 2086; x_wconf 89' lang='lat' dir='ltr'>anno</span> <span class='ocrx_word' id='word_1_172' title='bbox 880 2028 1088 2087; x_wconf 90' lang='lat' dir='ltr'>lncarnationis</span> <span class='ocrx_word' id='word_1_173' title='bbox 1102 2025 1228 2100; x_wconf 78' lang='lat' dir='ltr'>Domini,</span> 
     </span>
     <span class='ocr_line' id='line_1_23' title="bbox 198 2110 1228 2189; baseline 0.002 -21"><span class='ocrx_word' id='word_1_174' title='bbox 198 2111 274 2168; x_wconf 87' lang='lat' dir='ltr'>sieut</span> <span class='ocrx_word' id='word_1_175' title='bbox 286 2110 379 2169; x_wconf 88' lang='lat' dir='ltr'>literis</span> <span class='ocrx_word' id='word_1_176' title='bbox 393 2121 424 2170; x_wconf 92' lang='lat' dir='ltr'>et</span> <span class='ocrx_word' id='word_1_177' title='bbox 436 2114 626 2174; x_wconf 83' lang='lat' dir='ltr'>monumentis</span> <span class='ocrx_word' id='word_1_178' title='bbox 640 2115 746 2172; x_wconf 87' lang='lat' dir='ltr'>uostris</span> <span class='ocrx_word' id='word_1_179' title='bbox 759 2121 893 2172; x_wconf 86' lang='lat' dir='ltr'>testatum</span> <span class='ocrx_word' id='word_1_180' title='bbox 908 2123 961 2182; x_wconf 87' lang='lat' dir='ltr'>est,</span> <span class='ocrx_word' id='word_1_181' title='bbox 980 2112 1130 2170; x_wconf 89' lang='lat' dir='ltr'>millesimo</span> <span class='ocrx_word' id='word_1_182' title='bbox 1145 2115 1228 2189; x_wconf 88' lang='lat' dir='ltr'>quin·</span> 
     </span>
     <span class='ocr_line' id='line_1_24' title="bbox 197 2192 1228 2276; baseline 0.003 -24"><span class='ocrx_word' id='word_1_183' title='bbox 197 2196 359 2271; x_wconf 86' lang='lat' dir='ltr'>gentesimo</span> <span class='ocrx_word' id='word_1_184' title='bbox 375 2197 522 2272; x_wconf 87' lang='lat' dir='ltr'>trigesimo</span> <span class='ocrx_word' id='word_1_185' title='bbox 532 2199 665 2276; x_wconf 89' lang='lat' dir='ltr'>septimo,</span> <span class='ocrx_word' id='word_1_186' title='bbox 675 2196 956 2274; x_wconf 79' lang='lat' dir='ltr'>pontificatusnostri</span> <span class='ocrx_word' id='word_1_187' title='bbox 967 2197 1064 2264; x_wconf 89' lang='lat' dir='ltr'>tertio,</span> <span class='ocrx_word' id='word_1_188' title='bbox 1080 2192 1117 2252; x_wconf 92' lang='lat' dir='ltr'>ad</span> <span class='ocrx_word' id='word_1_189' title='bbox 1126 2215 1155 2253; x_wconf 86' lang='lat' dir='ltr'>x.</span> <span class='ocrx_word' id='word_1_190' title='bbox 1166 2195 1228 2255; x_wconf 88' lang='lat' dir='ltr'>Ka·</span> 
     </span>
     <span class='ocr_line' id='line_1_25' title="bbox 195 2278 1227 2360; baseline 0.002 -22"><span class='ocrx_word' id='word_1_191' title='bbox 195 2278 277 2338; x_wconf 87' lang='lat' dir='ltr'>leod.</span> <span class='ocrx_word' id='word_1_192' title='bbox 297 2279 358 2339; x_wconf 91' lang='lat' dir='ltr'>lun.</span> <span class='ocrx_word' id='word_1_193' title='bbox 374 2280 582 2354; x_wconf 70' lang='lat' dir='ltr'>inchoandum</span> <span class='ocrx_word' id='word_1_194' title='bbox 601 2300 680 2360; x_wconf 89' lang='lat' dir='ltr'>spem</span> <span class='ocrx_word' id='word_1_195' title='bbox 694 2301 785 2360; x_wconf 93' lang='lat' dir='ltr'>prope</span> <span class='ocrx_word' id='word_1_196' title='bbox 801 2291 909 2339; x_wconf 89' lang='lat' dir='ltr'>certam</span> <span class='ocrx_word' id='word_1_197' title='bbox 923 2279 1072 2350; x_wconf 87' lang='lat' dir='ltr'>habentes,</span> <span class='ocrx_word' id='word_1_198' title='bbox 1089 2280 1164 2351; x_wconf 85' lang='lat' dir='ltr'>iore,</span> <span class='ocrx_word' id='word_1_199' title='bbox 1183 2292 1227 2356; x_wconf 77' lang='lat' dir='ltr'>ut,</span> 
     </span>
     <span class='ocr_line' id='line_1_26' title="bbox 195 2366 1226 2446; baseline 0.001 -22"><span class='ocrx_word' id='word_1_200' title='bbox 195 2385 279 2442; x_wconf 86' lang='lat' dir='ltr'>quum</span> <span class='ocrx_word' id='word_1_201' title='bbox 289 2366 349 2425; x_wconf 91' lang='lat' dir='ltr'>illic</span> <span class='ocrx_word' id='word_1_202' title='bbox 359 2367 388 2425; x_wconf 92' lang='lat' dir='ltr'>in</span> <span class='ocrx_word' id='word_1_203' title='bbox 399 2368 512 2426; x_wconf 89' lang='lat' dir='ltr'>nomina</span> <span class='ocrx_word' id='word_1_204' title='bbox 522 2367 637 2426; x_wconf 86' lang='lat' dir='ltr'>Domini</span> <span class='ocrx_word' id='word_1_205' title='bbox 648 2385 774 2426; x_wconf 88' lang='lat' dir='ltr'>essemus</span> <span class='ocrx_word' id='word_1_206' title='bbox 785 2367 969 2444; x_wconf 87' lang='lat' dir='ltr'>congregati,</span> <span class='ocrx_word' id='word_1_207' title='bbox 980 2366 1052 2444; x_wconf 89' lang='lat' dir='ltr'>ipse,</span> <span class='ocrx_word' id='word_1_208' title='bbox 1070 2366 1146 2425; x_wconf 88' lang='lat' dir='ltr'>sicut</span> <span class='ocrx_word' id='word_1_209' title='bbox 1156 2385 1226 2446; x_wconf 87' lang='lat' dir='ltr'>pro·</span> 
     </span>
     <span class='ocr_line' id='line_1_27' title="bbox 194 2449 1226 2527; baseline 0.003 -19"><span class='ocrx_word' id='word_1_210' title='bbox 194 2450 281 2521; x_wconf 87' lang='lat' dir='ltr'>misit,</span> <span class='ocrx_word' id='word_1_211' title='bbox 309 2449 448 2510; x_wconf 84' lang='lat' dir='ltr'>Dominus</span> <span class='ocrx_word' id='word_1_212' title='bbox 466 2453 495 2510; x_wconf 92' lang='lat' dir='ltr'>in</span> <span class='ocrx_word' id='word_1_213' title='bbox 514 2451 609 2512; x_wconf 90' lang='lat' dir='ltr'>medio</span> <span class='ocrx_word' id='word_1_214' title='bbox 628 2463 756 2512; x_wconf 85' lang='lat' dir='ltr'>nostrum</span> <span class='ocrx_word' id='word_1_215' title='bbox 774 2451 966 2527; x_wconf 75' lang='lat' dir='ltr'>adfuturus2),</span> <span class='ocrx_word' id='word_1_216' title='bbox 994 2461 1025 2510; x_wconf 89' lang='lat' dir='ltr'>ct</span> <span class='ocrx_word' id='word_1_217' title='bbox 1041 2450 1171 2511; x_wconf 88' lang='lat' dir='ltr'>bonitate</span> <span class='ocrx_word' id='word_1_218' title='bbox 1189 2471 1226 2512; x_wconf 89' lang='lat' dir='ltr'>ae</span> 
     </span>
     <span class='ocr_line' id='line_1_28' title="bbox 194 2535 1235 2617; baseline 0.004 -24"><span class='ocrx_word' id='word_1_219' title='bbox 194 2535 395 2596; x_wconf 85' lang='lat' dir='ltr'>misericordia</span> <span class='ocrx_word' id='word_1_220' title='bbox 421 2557 473 2596; x_wconf 86' lang='lat' dir='ltr'>sua</span> <span class='ocrx_word' id='word_1_221' title='bbox 500 2557 598 2598; x_wconf 87' lang='lat' dir='ltr'>omnes</span> <span class='ocrx_word' id='word_1_222' title='bbox 624 2549 783 2617; x_wconf 89' lang='lat' dir='ltr'>temporum</span> <span class='ocrx_word' id='word_1_223' title='bbox 806 2537 951 2617; x_wconf 89' lang='lat' dir='ltr'>procellas</span> <span class='ocrx_word' id='word_1_224' title='bbox 974 2537 1126 2616; x_wconf 89' lang='lat' dir='ltr'>omniaque</span> <span class='ocrx_word' id='word_1_225' title='bbox 1146 2538 1235 2616; x_wconf 74' lang='lat' dir='ltr'>peri·‚</span> 
     </span>
     <span class='ocr_line' id='line_1_29' title="bbox 194 2620 1244 2702; baseline 0.003 -23"><span class='ocrx_word' id='word_1_226' title='bbox 194 2620 259 2680; x_wconf 88' lang='lat' dir='ltr'>cula</span> <span class='ocrx_word' id='word_1_227' title='bbox 277 2623 379 2700; x_wconf 90' lang='lat' dir='ltr'>spiritu</span> <span class='ocrx_word' id='word_1_228' title='bbox 398 2624 457 2682; x_wconf 88' lang='lat' dir='ltr'>oris</span> <span class='ocrx_word' id='word_1_229' title='bbox 475 2625 520 2683; x_wconf 86' lang='lat' dir='ltr'>sui</span> <span class='ocrx_word' id='word_1_230' title='bbox 536 2624 623 2683; x_wconf 84' lang='lat' dir='ltr'>facile</span> <span class='ocrx_word' id='word_1_231' title='bbox 643 2622 812 2702; x_wconf 83' lang='lat' dir='ltr'>depulsmus</span> <span class='ocrx_word' id='word_1_232' title='bbox 829 2633 915 2682; x_wconf 85' lang='lat' dir='ltr'>esset.</span> <span class='ocrx_word' id='word_1_233' title='bbox 961 2620 1035 2694; x_wconf 90' lang='lat' dir='ltr'>Sed,</span> <span class='ocrx_word' id='word_1_234' title='bbox 1062 2632 1094 2681; x_wconf 92' lang='lat' dir='ltr'>ut</span> <span class='ocrx_word' id='word_1_235' title='bbox 1110 2640 1244 2700; x_wconf 88' lang='lat' dir='ltr'>semper-</span> 
     </span>
     <span class='ocr_line' id='line_1_30' title="bbox 194 2703 1225 2788; baseline 0.003 -25"><span class='ocrx_word' id='word_1_236' title='bbox 194 2703 347 2766; x_wconf 86' lang='lat' dir='ltr'>insidiatur</span> <span class='ocrx_word' id='word_1_237' title='bbox 363 2709 419 2787; x_wconf 89' lang='lat' dir='ltr'>piis</span> <span class='ocrx_word' id='word_1_238' title='bbox 438 2709 599 2769; x_wconf 80' lang='lat' dir='ltr'>actionibus</span> <span class='ocrx_word' id='word_1_239' title='bbox 616 2709 730 2769; x_wconf 87' lang='lat' dir='ltr'>humani</span> <span class='ocrx_word' id='word_1_240' title='bbox 749 2710 866 2788; x_wconf 88' lang='lat' dir='ltr'>generis</span> <span class='ocrx_word' id='word_1_241' title='bbox 883 2709 988 2781; x_wconf 89' lang='lat' dir='ltr'>hostis,</span> <span class='ocrx_word' id='word_1_242' title='bbox 1014 2709 1135 2787; x_wconf 90' lang='lat' dir='ltr'>primum</span> <span class='ocrx_word' id='word_1_243' title='bbox 1153 2717 1225 2768; x_wconf 82' lang='lat' dir='ltr'>eon·</span> 
     </span>
     <span class='ocr_line' id='line_1_31' title="bbox 193 2792 1225 2874; baseline 0.002 -25"><span class='ocrx_word' id='word_1_244' title='bbox 193 2801 239 2850; x_wconf 89' lang='lat' dir='ltr'>tra</span> <span class='ocrx_word' id='word_1_245' title='bbox 255 2811 367 2852; x_wconf 91' lang='lat' dir='ltr'>omnem</span> <span class='ocrx_word' id='word_1_246' title='bbox 381 2813 460 2872; x_wconf 89' lang='lat' dir='ltr'>spem</span> <span class='ocrx_word' id='word_1_247' title='bbox 478 2806 509 2854; x_wconf 93' lang='lat' dir='ltr'>et</span> <span class='ocrx_word' id='word_1_248' title='bbox 526 2792 772 2874; x_wconf 80' lang='lat' dir='ltr'>exspectationem</span> <span class='ocrx_word' id='word_1_249' title='bbox 791 2805 918 2854; x_wconf 87' lang='lat' dir='ltr'>nostram</span> <span class='ocrx_word' id='word_1_250' title='bbox 936 2793 1081 2872; x_wconf 89' lang='lat' dir='ltr'>denegata</span> <span class='ocrx_word' id='word_1_251' title='bbox 1098 2793 1154 2851; x_wconf 82' lang='lat' dir='ltr'>luit</span> <span class='ocrx_word' id='word_1_252' title='bbox 1170 2811 1225 2851; x_wconf 84' lang='lat' dir='ltr'>no·</span> 
     </span>
     <span class='ocr_line' id='line_1_32' title="bbox 192 2877 1223 2961; baseline 0.002 -25"><span class='ocrx_word' id='word_1_253' title='bbox 192 2877 238 2936; x_wconf 91' lang='lat' dir='ltr'>bis</span> <span class='ocrx_word' id='word_1_254' title='bbox 258 2877 415 2938; x_wconf 87' lang='lat' dir='ltr'>blantuana</span> <span class='ocrx_word' id='word_1_255' title='bbox 442 2881 557 2954; x_wconf 85' lang='lat' dir='ltr'>civitas,</span> <span class='ocrx_word' id='word_1_256' title='bbox 586 2881 641 2940; x_wconf 92' lang='lat' dir='ltr'>nisi</span> <span class='ocrx_word' id='word_1_257' title='bbox 667 2882 778 2961; x_wconf 85' lang='lat' dir='ltr'>aliquas</span> <span class='ocrx_word' id='word_1_258' title='bbox 800 2879 982 2940; x_wconf 89' lang='lat' dir='ltr'>conditiones</span> <span class='ocrx_word' id='word_1_259' title='bbox 1005 2879 1163 2938; x_wconf 80' lang='lat' dir='ltr'>subiremus</span> <span class='ocrx_word' id='word_1_260' title='bbox 1186 2877 1223 2938; x_wconf 91' lang='lat' dir='ltr'>ab</span> 
     </span>
     <span class='ocr_line' id='line_1_33' title="bbox 167 2965 1276 3044; baseline 0.001 -23"><span class='ocrx_word' id='word_1_261' title='bbox 167 2965 330 3024; x_wconf 81' lang='lat' dir='ltr'>tinstitutis</span> <span class='ocrx_word' id='word_1_262' title='bbox 352 2966 491 3026; x_wconf 88' lang='lat' dir='ltr'>maiorum</span> <span class='ocrx_word' id='word_1_263' title='bbox 513 2978 691 3040; x_wconf 90' lang='lat' dir='ltr'>nostrorum,</span> <span class='ocrx_word' id='word_1_264' title='bbox 718 2978 750 3027; x_wconf 91' lang='lat' dir='ltr'>et</span> <span class='ocrx_word' id='word_1_265' title='bbox 776 2965 942 3027; x_wconf 90' lang='lat' dir='ltr'>conditione</span> <span class='ocrx_word' id='word_1_266' title='bbox 969 2977 1142 3044; x_wconf 87' lang='lat' dir='ltr'>temporum,</span> <span class='ocrx_word' id='word_1_267' title='bbox 1170 2981 1223 3022; x_wconf 94' lang='lat' dir='ltr'>no·</span> <span class='ocrx_word' id='word_1_268' title='bbox 1269 2986 1276 2991; x_wconf 66' lang='grc'><strong><em>’</em></strong></span> 
     </span>
     <span class='ocr_line' id='line_1_34' title="bbox 193 3047 1226 3129; baseline -0.003 -21"><span class='ocrx_word' id='word_1_269' title='bbox 193 3059 309 3129; x_wconf 84' lang='lat' dir='ltr'>straqne</span> <span class='ocrx_word' id='word_1_270' title='bbox 331 3069 367 3111; x_wconf 89' lang='lat' dir='ltr'>ac</span> <span class='ocrx_word' id='word_1_271' title='bbox 388 3052 472 3113; x_wconf 79' lang='lat' dir='ltr'>liuius</span> <span class='ocrx_word' id='word_1_272' title='bbox 494 3063 611 3114; x_wconf 90' lang='lat' dir='ltr'>sanctae</span> <span class='ocrx_word' id='word_1_273' title='bbox 629 3052 761 3114; x_wconf 78' lang='lat' dir='ltr'>sedisse</span> <span class='ocrx_word' id='word_1_274' title='bbox 779 3055 900 3112; x_wconf 88' lang='lat' dir='ltr'>nominis</span> <span class='ocrx_word' id='word_1_275' title='bbox 918 3050 1110 3111; x_wconf 87' lang='lat' dir='ltr'>ecclesiastici</span> <span class='ocrx_word' id='word_1_276' title='bbox 1128 3047 1226 3126; x_wconf 77' lang='lat' dir='ltr'>digni·</span> 
     </span>
     <span class='ocr_line' id='line_1_35' title="bbox 138 3133 1223 3218; baseline -0.003 -25"><span class='ocrx_word' id='word_1_277' title='bbox 138 3159 141 3164; x_wconf 44' lang='lat'>¹</span> <span class='ocrx_word' id='word_1_278' title='bbox 193 3143 253 3194; x_wconf 91' lang='lat' dir='ltr'>tate</span> <span class='ocrx_word' id='word_1_279' title='bbox 276 3135 468 3218; x_wconf 84' lang='lat' dir='ltr'>libertateque</span> <span class='ocrx_word' id='word_1_280' title='bbox 491 3158 609 3217; x_wconf 87' lang='lat' dir='ltr'>prorsus</span> <span class='ocrx_word' id='word_1_281' title='bbox 632 3141 757 3212; x_wconf 81' lang='lat' dir='ltr'>alienas3</span> <span class='ocrx_word' id='word_1_282' title='bbox 785 3157 855 3216; x_wconf 89' lang='lat' dir='ltr'>quas</span> <span class='ocrx_word' id='word_1_283' title='bbox 875 3139 906 3194; x_wconf 90' lang='lat' dir='ltr'>in</span> <span class='ocrx_word' id='word_1_284' title='bbox 924 3135 988 3195; x_wconf 89' lang='lat' dir='ltr'>aliis</span> <span class='ocrx_word' id='word_1_285' title='bbox 1006 3135 1112 3194; x_wconf 87' lang='lat' dir='ltr'>nostris</span> <span class='ocrx_word' id='word_1_286' title='bbox 1130 3133 1223 3192; x_wconf 91' lang='lat' dir='ltr'>literis</span> 
     </span>
     <span class='ocr_line' id='line_1_36' title="bbox 193 3216 1226 3304; baseline -0.004 -22"><span class='ocrx_word' id='word_1_287' title='bbox 193 3221 393 3302; x_wconf 84' lang='lat' dir='ltr'>expressimus.</span> <span class='ocrx_word' id='word_1_288' title='bbox 438 3222 623 3304; x_wconf 83' lang='lat' dir='ltr'>Quapropter</span> <span class='ocrx_word' id='word_1_289' title='bbox 644 3227 728 3284; x_wconf 88' lang='lat' dir='ltr'>alium</span> <span class='ocrx_word' id='word_1_290' title='bbox 751 3223 881 3288; x_wconf 82' lang='lat' dir='ltr'>invenire</span> <span class='ocrx_word' id='word_1_291' title='bbox 899 3221 993 3280; x_wconf 89' lang='lat' dir='ltr'>locum</span> <span class='ocrx_word' id='word_1_292' title='bbox 1011 3220 1152 3298; x_wconf 86' lang='lat' dir='ltr'>aliamque</span> <span class='ocrx_word' id='word_1_293' title='bbox 1170 3216 1226 3278; x_wconf 88' lang='lat' dir='ltr'>de·</span> 
     </span>
     <span class='ocr_line' id='line_1_37' title="bbox 193 3303 1223 3388; baseline -0.005 -22"><span class='ocrx_word' id='word_1_294' title='bbox 193 3308 285 3388; x_wconf 86' lang='lat' dir='ltr'>ligere</span> <span class='ocrx_word' id='word_1_295' title='bbox 303 3310 448 3370; x_wconf 86' lang='lat' dir='ltr'>civitatem</span> <span class='ocrx_word' id='word_1_296' title='bbox 466 3329 587 3370; x_wconf 88' lang='lat' dir='ltr'>necesse</span> <span class='ocrx_word' id='word_1_297' title='bbox 604 3309 768 3380; x_wconf 85' lang='lat' dir='ltr'>babuimus,</span> <span class='ocrx_word' id='word_1_298' title='bbox 788 3324 861 3387; x_wconf 89' lang='lat' dir='ltr'>qnae</span> <span class='ocrx_word' id='word_1_299' title='bbox 879 3325 962 3385; x_wconf 89' lang='lat' dir='ltr'>quum</span> <span class='ocrx_word' id='word_1_300' title='bbox 980 3322 1037 3364; x_wconf 92' lang='lat' dir='ltr'>non</span> <span class='ocrx_word' id='word_1_301' title='bbox 1055 3303 1151 3364; x_wconf 89' lang='lat' dir='ltr'>statim</span> <span class='ocrx_word' id='word_1_302' title='bbox 1169 3321 1223 3362; x_wconf 88' lang='lat' dir='ltr'>no·</span> 
     </span>
     <span class='ocr_line' id='line_1_38' title="bbox 192 3389 1222 3474; baseline -0.008 -20"><span class='ocrx_word' id='word_1_303' title='bbox 192 3393 237 3454; x_wconf 90' lang='lat' dir='ltr'>bis</span> <span class='ocrx_word' id='word_1_304' title='bbox 255 3405 426 3456; x_wconf 88' lang='lat' dir='ltr'>occurreret</span> <span class='ocrx_word' id='word_1_305' title='bbox 442 3394 548 3455; x_wconf 87' lang='lat' dir='ltr'>idonea</span> <span class='ocrx_word' id='word_1_306' title='bbox 567 3405 597 3455; x_wconf 89' lang='lat' dir='ltr'>et</span> <span class='ocrx_word' id='word_1_307' title='bbox 614 3406 695 3474; x_wconf 87' lang='lat' dir='ltr'>apta,</span> <span class='ocrx_word' id='word_1_308' title='bbox 714 3393 751 3454; x_wconf 89' lang='lat' dir='ltr'>ad</span> <span class='ocrx_word' id='word_1_309' title='bbox 768 3394 921 3472; x_wconf 83' lang='lat' dir='ltr'>seqbentcs</span> <span class='ocrx_word' id='word_1_310' title='bbox 939 3390 1005 3450; x_wconf 84' lang='lat' dir='ltr'>Kal.</span> <span class='ocrx_word' id='word_1_311' title='bbox 1023 3389 1099 3450; x_wconf 79' lang='lat' dir='ltr'>Nor.</span> <span class='ocrx_word' id='word_1_312' title='bbox 1117 3407 1222 3466; x_wconf 91' lang='lat' dir='ltr'>proro·</span> 
     </span>
     <span class='ocr_line' id='line_1_39' title="bbox 193 3477 1222 3562; baseline -0.009 -22"><span class='ocrx_word' id='word_1_313' title='bbox 193 3497 264 3562; x_wconf 83' lang='lat' dir='ltr'>gare</span> <span class='ocrx_word' id='word_1_314' title='bbox 283 3481 401 3540; x_wconf 89' lang='lat' dir='ltr'>concilii</span> <span class='ocrx_word' id='word_1_315' title='bbox 419 3480 644 3542; x_wconf 87' lang='lat' dir='ltr'>celebrationem</span> <span class='ocrx_word' id='word_1_316' title='bbox 665 3481 769 3539; x_wconf 81' lang='lat' dir='ltr'>fuimus</span> <span class='ocrx_word' id='word_1_317' title='bbox 787 3479 892 3538; x_wconf 87' lang='lat' dir='ltr'>coacti.</span> <span class='ocrx_word' id='word_1_318' title='bbox 936 3477 1053 3537; x_wconf 88' lang='lat' dir='ltr'>lnterim</span> <span class='ocrx_word' id='word_1_319' title='bbox 1072 3491 1174 3534; x_wconf 84' lang='lat' dir='ltr'>saevus</span> <span class='ocrx_word' id='word_1_320' title='bbox 1191 3483 1222 3533; x_wconf 90' lang='lat' dir='ltr'>ct</span> 
     </span>
     <span class='ocr_line' id='line_1_40' title="bbox 193 3557 1224 3647; baseline -0.008 -21"><span class='ocrx_word' id='word_1_321' title='bbox 193 3575 349 3647; x_wconf 90' lang='lat' dir='ltr'>perpetuus</span> <span class='ocrx_word' id='word_1_322' title='bbox 365 3566 457 3626; x_wconf 87' lang='lat' dir='ltr'>bostis</span> <span class='ocrx_word' id='word_1_323' title='bbox 475 3577 576 3643; x_wconf 87' lang='lat' dir='ltr'>noster</span> <span class='ocrx_word' id='word_1_324' title='bbox 590 3565 701 3638; x_wconf 71' lang='lat' dir='ltr'>limca,</span> <span class='ocrx_word' id='word_1_325' title='bbox 720 3566 831 3645; x_wconf 90' lang='lat' dir='ltr'>ingenti</span> <span class='ocrx_word' id='word_1_326' title='bbox 849 3563 943 3625; x_wconf 88' lang='lat' dir='ltr'>classe</span> <span class='ocrx_word' id='word_1_327' title='bbox 961 3563 1071 3622; x_wconf 87' lang='lat' dir='ltr'>ltaliam</span> <span class='ocrx_word' id='word_1_328' title='bbox 1089 3557 1224 3630; x_wconf 85' lang='lat' dir='ltr'>adortus,</span> 
     </span>
    </p>
   </div>
   <div class='ocr_carea' id='block_1_3' title="bbox 236 3764 773 3824">
    <p class='ocr_par' dir='ltr' id='par_1_3' title="bbox 236 3764 773 3824">
     <span class='ocr_line' id='line_1_41' title="bbox 236 3764 773 3824; baseline -0.002 -12"><span class='ocrx_word' id='word_1_329' title='bbox 236 3764 473 3822; x_wconf 77' lang='lat' dir='ltr'>t)t‘ssln.t.tv.ts.</span> <span class='ocrx_word' id='word_1_330' title='bbox 503 3766 773 3824; x_wconf 78' lang='lat' dir='ltr'>2)mattt.xvlrl.m.·</span> 
     </span>
    </p>
   </div>
   <div class='ocr_carea' id='block_1_4' title="bbox 0 0 1330 4330">
    <p class='ocr_par' dir='ltr' id='par_1_4' title="bbox 0 0 1330 4330">
     <span class='ocr_line' id='line_1_42' title="bbox 0 0 1330 4330; baseline 0 5"><span class='ocrx_word' id='word_1_331' title='bbox 0 0 1330 4330; x_wconf 95' lang='lat' dir='ltr'> </span> 
     </span>
    </p>
   </div>
  </div>
 </body>
</html>
