2654 4330
248 253 551 344 sessionum.
586 255 962 332 n‘nanrouuarv
994 243 999 254 ‘
1034 257 1110 316 aar
1154 261 1158 275 ⁴

86 417 172 477 scopo
193 405 335 455 teneatur
353 395 505 473 capitulum
524 393 560 458 de
579 395 729 473 scripturis
746 393 783 454 ad
801 395 952 456 ecclesiam
963 397 1110 472 pertinen-

85 484 164 553 tibus,
185 483 209 540 si
229 495 309 558 quae
327 478 362 537 ad
381 481 533 558 capitulum
550 489 755 558 pervenerunt,
773 480 913 541 rationem
931 479 1065 540 reddere.

123 621 149 666 G.
168 593 267 667 xvu.'
292 615 481 676 Beneficiorum
499 617 635 663 collationi
651 623 679 662 et
692 615 805 676 plurium
822 617 964 662 retentioni
979 616 1067 675 orodes

532 687 667 734 ttataa‘tur.

166 769 261 842 Quum
274 768 489 828 ecclesiasticus
500 763 571 826 ordo
581 777 770 846 pervertatur,
787 767 898 846 quaudo
911 787 979 826 unus
988 769 1108 847 plurium

85 853 173 914 officia
198 865 329 932 occupat
356 854 540 922 clericorum,
572 861 670 910 sancte
698 853 788 910 sacris
817 853 972 911 canonibus
996 865 1107 913 cautum

85 940 186 1012 luit1),
208 941 355 997 neminem
375 948 509 1015 oportere
528 938 557 994 in
575 935 683 996 duabus
701 937 833 996 ecclesiis
852 938 1004 996 conscribi.
1048 937 1108 997 Vc·

83 1043 140 1082 rum
159 1023 300 1102 quoniam
319 1023 398 1080 multi
416 1022 562 1102 improbae
586 1019 748 1098 cupiditatis
767 1021 871 1081 affeetu
890 1041 920 1081 se
939 1024 1030 1100 ipsos,
1050 1043 1107 1081 uon

84 1105 179 1180 Deum,
200 1107 400 1186 decipientes,
425 1126 474 1179 ea,
494 1125 566 1186 quae
584 1105 658 1165 bene
683 1107 837 1166 constituta
860 1118 936 1178 sunt,
956 1109 1043 1166 variis
1061 1128 1109 1167 ar-

85 1193 155 1252 tibus
174 1191 316 1263 eludere,
341 1202 371 1250 et
394 1191 476 1268 plura
494 1191 574 1250 simul
597 1190 738 1250 beneficia
766 1191 896 1250 obtinere
924 1211 981 1250 non
1004 1193 1109 1252 erube·

85 1290 176 1336 scunt:
206 1275 457 1356 sanctasynodus
480 1273 603 1335 debitam
622 1275 756 1354 regendis
776 1277 908 1336 ecclesiis
930 1275 1107 1356 disciplinam
1133 1301 1137 1306 ·

85 1364 234 1423 restituere
262 1363 395 1440 cupiens,
420 1362 564 1439 praesenti
587 1358 721 1432 decreto,
746 1359 820 1439 quod
843 1363 871 1419 iu
895 1362 1107 1442 quibuscunque

84 1448 225 1522 personis,
251 1465 424 1524 quocunque
443 1446 540 1516 titulo,
562 1447 648 1504 etiam
671 1447 694 1504 si
714 1445 905 1505 cardinalatus
923 1446 1032 1506 honore
1052 1449 1106 1505 iul-

86 1542 176 1606 geant,
196 1530 318 1590 mandat
336 1530 493 1602 observari,
512 1531 619 1600 statuit,
639 1540 670 1588 ut
687 1531 715 1588 iu
734 1542 877 1608 posterum
897 1552 980 1591 unum
1000 1542 1106 1590 tantum

86 1615 254 1676 beneficium
276 1615 504 1674 ecclesiasticum
527 1615 644 1692 singulis
664 1615 838 1674 conferatur.
884 1615 964 1687 Quod
983 1615 1106 1695 quidem,
1168 1663 1175 1678 .

86 1701 107 1756 si
131 1700 167 1758 ad
193 1704 285 1760 vitam
315 1701 389 1771 eius,
417 1701 464 1758 cui
492 1700 651 1780 confertur,
679 1701 799 1759 honeste
819 1699 1029 1761 sustentandam
1049 1722 1106 1758 nou

86 1783 210 1858 sufficiat,
230 1787 323 1846 liceat
340 1783 518 1844 nihilomiuus
541 1781 618 1841 aliud
641 1783 761 1864 simplex
778 1784 934 1856 sufficiens,
954 1785 1105 1844 dummodo

87 1881 231 1948 utrumque
256 1870 438 1949 personalem
466 1866 649 1928 residentiam
673 1888 729 1926 nou
752 1871 891 1946 requirat,
920 1869 1012 1930 eidem
1036 1892 1106 1929 con·

88 1953 161 2016 terri.
205 1955 347 2034 llaeeque
366 1952 516 2013 uonmodo
535 1951 571 2011 ad
590 1950 769 2014 cathedrales
788 1955 936 2026 ecclesias,
956 1955 1005 2014 sed
1021 1957 1105 2013 etiam
1118 1979 1160 2022 m

87 2036 191 2099 adalia
211 2043 310 2100 omnia
327 2039 483 2110 beneficia,
503 2048 559 2096 tam
578 2038 737 2096 saecularia
756 2057 837 2118 quam
856 2041 998 2117 regularia
1019 2060 1105 2120 quae-

89 2143 206 2204 cunque,
227 2129 317 2185 etiam
336 2121 546 2196 commendata,
574 2123 749 2202 pertineant,
769 2124 961 2204 cuiuscunque
980 2127 1052 2185 tituli
1071 2145 1105 2184 ac

90 2209 226 2284 qualitatis
254 2211 403 2270 exsistant.
448 2209 493 2267 llli
518 2227 603 2280 vero,
632 2209 678 2285 qui
705 2209 733 2267 in
759 2211 905 2287 praesenti
932 2211 1027 2290 plures
1054 2231 1105 2289 pa-

88 2293 225 2354 rochiales
245 2295 402 2367 ecclesias,
426 2304 474 2352 aut
492 2313 574 2352 unam
594 2291 786 2352 cathedralem
806 2305 836 2353 et
854 2295 936 2352 aliam
955 2297 1106 2373 parocbia-
1181 2293 1186 2302 ’

90 2374 138 2434 lem
156 2380 298 2451 obtinent,
318 2388 458 2457 cogantur
476 2379 638 2452 omnin02),
658 2379 867 2458 quibuscunque
887 2378 1106 2458 dispensationi-

89 2460 135 2520 bus
156 2483 190 2524 ac
214 2465 368 2524 unionibus
391 2462 533 2522 advitam
561 2483 617 2522 non
640 2463 829 2536 obstantibus,
857 2483 913 2523 una
931 2475 1037 2524 tautum
1056 2486 1106 2544 pa-

91 2547 203 2608 rochiali
226 2550 274 2610 vel
301 2550 363 2609 sola
391 2547 549 2607 cathedrali
572 2558 698 2620 retenta,
726 2549 796 2608 alias
822 2551 1004 2628 parochiales
1031 2552 1105 2610 inira

90 2634 202 2708 spatium
230 2654 284 2696 sex
310 2635 446 2694 mensium
474 2632 628 2692 dimittere.
677 2632 813 2711 Alioquin
841 2645 898 2693 tam
923 2637 1105 2714 parochiales
1205 2657 1211 2668 ·

92 2733 166 2790 quam
187 2719 332 2780 beneficia
355 2720 461 2789 omnia,
487 2737 558 2797 quae
582 2718 724 2790 obtinent,
752 2721 814 2796 ipso
833 2721 894 2778 iure
912 2740 1016 2780 vacare
1037 2742 1104 2781 ceu-

91 2813 199 2862 seantur
207 2807 252 2880 ³),
273 2817 307 2864 ac
327 2815 457 2882 tauquam
478 2805 610 2864 vacantia
628 2802 718 2862 libere
737 2805 800 2862 aliis
823 2803 934 2864 idoneis
953 2807 1102 2865 conferan-

92 2892 143 2955 tur,
165 2907 219 2948 nec
249 2890 304 2969 ipsi
331 2898 416 2949 antea
443 2889 493 2946 illa
520 2887 682 2960 obtinentes
709 2897 770 2946 tuta
794 2891 972 2948 conscientia
994 2891 1103 2948 lructus

92 2981 150 3043 post
167 2972 274 3034 dictum
294 2984 406 3053 tempus
428 2974 580 3032 retineant.
626 2971 713 3050 optat
734 2982 827 3030 autem
850 2973 1102 3053 sanctasynodus,

92 3063 119 3108 ut
134 3059 336 3136 resignautium
355 3058 573 3118 necessitatibus
592 3054 740 3116 commoda
759 3057 853 3135 aliqua
871 3058 999 3130 ratione,
1018 3072 1104 3138 prout

93 3153 190 3200 summo
208 3143 341 3203 Pontifici
359 3141 511 3214 videbitur,
531 3141 726 3222 provideatur.

93 3273 219 3326 0·le11.
256 3279 374 3328 Ecclesia
391 3279 542 3340 parochiali
561 3285 672 3326 oaeaoto
694 3279 854 3340 deputandos
874 3279 907 3326 ob
928 3281 1043 3338 episcopo
1063 3282 1102 3328 oi·
1133 3313 1142 3326 .
1177 3259 1184 3266 ¹

93 3347 182 3406 tamur,
200 3349 278 3398 donee
294 3350 337 3396 illo·
348 3349 520 3408 provideatur
537 3347 567 3392 de
580 3346 706 3407 parocho.
741 3347 876 3394 Nominota'
888 3347 923 3394 ad
937 3347 1102 3408 parochiales

251 3447 254 3452 ·
280 3433 332 3480 qua
341 3421 437 3481 formo
458 3424 485 3463 ot
501 3431 520 3462 a
538 3417 627 3478 quidm
643 3419 794 3462 examinaro·
810 3417 906 3464 debent.

170 3497 292 3579 Expedit
308 3502 428 3559 maxime
447 3501 601 3558 animarum
618 3498 714 3569 saluti,
742 3519 759 3558 a
778 3499 870 3577 dignis
888 3510 972 3578 atque
991 3498 1102 3558 idoneis
1173 3571 1177 3578 ,

95 3584 398 3664 parochisguhernari.
442 3583 475 3643 ld
498 3595 529 3642 ut
550 3582 715 3661 diligentius
737 3603 772 3642 ac
795 3585 901 3642 rectius
924 3583 1100 3663 perficiatur,

95 3667 185 3724 statuit
200 3682 298 3730 sancta
317 3668 453 3750 synodus,
473 3679 512 3741 ut,
532 3687 619 3753 quum.
633 3668 805 3747 parochialis
820 3669 961 3728 ecclesiae
976 3671 1100 3739 vacatio,
1179 3715 1183 3721 .

95 3778 294 3806 *Q*-

97 3885 114 3925 l·
123 3840 156 3924 *S
162 3848 330 3948 blldflbxlvole
341 3851 412 3958 {laceb
423 3849 709 3946 sid⁵blxlrncdrbrbeflllb
720 3849 895 3954 (eppanqle'qffi
905 3852 940 3954 )²)
952 3851 1016 3896 sm·
1026 3850 1066 3894 eil·
1077 3862 1098 3893 e·
