2654 4330
279 217 433 302 sn'ssno
452 245 527 300 xxo.
552 245 621 301 nn
637 209 894 304 suronunrs
930 265 934 276 ·
1029 250 1106 308 ua.

83 398 264 466 aequumest.
290 384 449 464 Propterea
459 385 657 449 commendata
668 388 850 460 monasteria,
861 389 947 448 etiarn
957 387 1100 461 abbatiae,
1114 400 1152 442 ¹⁶1

83 475 222 551 prioratus
232 481 264 532 et
272 474 489 550 praepositurae
502 483 691 552 nuncupatae,
703 475 732 534 in
742 473 842 551 quibus
856 490 913 532 non
922 477 1002 552 viget
1016 493 1102 553 regu-

83 559 143 617 laris
154 557 348 627 observantia,
364 576 417 617 nec
427 577 484 616 non
492 557 700 618 beneficiatam
710 569 808 620 curata
831 578 913 638 quum
924 579 980 618 non
991 571 1105 632 curata,

82 643 241 702 saecularia
269 653 300 702 et
325 643 484 722 regularia,
513 645 747 722 qualitercunque
774 643 986 715 commendata,
1015 647 1101 706 etiam

83 739 228 807 exempta,
257 727 294 788 ab
312 729 476 807 episcopis,
504 730 589 790 etiam
608 739 740 808 tanquam
758 728 1032 808 apostolicaesedis
1050 730 1106 790 de·-

84 815 194 891 legatis,
219 815 305 872 annis
323 814 444 891 singulis
462 814 665 888 risbercurt),
690 825 846 893 curentque
865 813 952 876 iidem
971 817 1102 894 episcopi

83 898 301 976 congruentibus
320 897 468 968 remediis,
492 900 577 960 etiarn
596 919 650 978 per
670 901 926 978 sequestrationem
949 901 1101 971 fructuum,
1196 947 1203 956 .

83 994 110 1042 ut
129 1004 201 1063 qnae
219 986 410 1044 renovatione
429 983 561 1062 indigent
576 996 626 1044 aut
642 986 854 1044 restauratione
873 987 1052 1057 reiciantur,
1071 997 1104 1045 et

82 1088 144 1128 cura
161 1071 331 1140 animarum,
349 1072 373 1128 si
390 1086 446 1148 qna
463 1071 521 1128 illis
538 1071 585 1129 vel
603 1090 702 1130 eornm
720 1071 839 1130 annexis
858 1072 1013 1142 immineat,
1029 1072 1103 1130 alia-

82 1174 130 1232 que
147 1154 248 1215 dehita
267 1155 404 1232 obsequia
420 1164 717 1229 recteexerceantur3
738 1156 976 1236 appellationibus
987 1155 1104 1235 quibus*

83 1260 195 1320 cunque,
215 1241 390 1320 privilegiis,
410 1239 671 1312 consuetudinibus,
692 1243 777 1300 etiarn
796 1241 1011 1301 immemorabili
1030 1252 1102 1302 tem·

82 1345 145 1402 pore
162 1327 375 1406 praescriptis,
394 1327 635 1398 conservatoriis,
660 1325 784 1386 iudicum
804 1325 1052 1406 deputationibus,
1072 1337 1103 1386 ct

84 1429 172 1470 eorum
193 1409 416 1472 inhibitionibus
440 1431 497 1469 non
521 1411 707 1472 obstantibus.
749 1409 800 1484 Et,
824 1413 899 1472 siin
923 1413 965 1471 eis
989 1413 1103 1490 vigeret
1130 1486 1132 1496 Α

84 1496 261 1556 observantia
284 1495 482 1574 regularis2),
511 1495 682 1576 provideant
704 1496 834 1576 episcopi
857 1499 984 1576 paternis
1002 1497 1101 1557 admo·

84 1579 238 1653 ultionibus,
260 1593 291 1641 ut
310 1601 408 1642 eorum
427 1581 599 1659 regularium
618 1583 782 1663 superiores
801 1583 880 1642 iuxta
897 1601 996 1642 eorum
1015 1601 1102 1659 regu·
1162 1611 1170 1622 κ

84 1667 146 1725 lario
168 1669 300 1726 instituta
320 1665 447 1728 debitam
469 1667 583 1726 vivendi
605 1671 745 1728 rationem
769 1667 923 1727 observent
945 1677 976 1727 ct
1002 1667 1100 1726 obser-

83 1753 136 1810 vari
153 1753 280 1822 iaciant,
309 1763 339 1813 et
360 1752 414 1813 sibl
437 1748 565 1812 subditos
588 1755 617 1814 in
641 1753 734 1813 officio
758 1754 925 1812 contineant
948 1773 983 1812 ac
1002 1752 1102 1812 mode*

84 1848 181 1899 rentur.
220 1833 306 1912 Quod
333 1839 357 1896 si
383 1837 521 1898 admoniti
548 1840 624 1898 intra
650 1859 702 1898 sex
719 1857 830 1898 menses
859 1858 910 1898 eos
928 1859 985 1897 non
1003 1839 1101 1898 visita-

84 1923 168 1982 verint
183 1925 230 1984 vel
251 1925 447 1995 correxerint,
468 1933 534 1982 tunc
553 1922 639 1984 iidem
658 1924 801 2003 episcopi,
821 1923 906 1982 etiam
924 1934 955 1982 nt
973 1921 1101 2001 delegati

84 2005 365 2088 sedisapostolicae,
385 2025 435 2075 eos
452 2009 570 2069 visitare
588 2009 700 2089 possint
717 2019 747 2068 et
765 2007 924 2086 corrigere,
943 2018 1029 2086 prout
1046 2007 1102 2087 ipsi

84 2093 238 2172 superiores
258 2104 377 2174 possent
394 2096 473 2154 iuxta
492 2113 590 2156 eorum
608 2094 750 2166 instituta3
771 2091 983 2174 quibuscunque
1002 2091 1101 2172 appel-

86 2178 240 2252 lationibus,
262 2177 419 2260 privilegiis
439 2190 469 2239 et
487 2177 712 2259 exemptionibus
730 2179 842 2258 penitus
860 2180 978 2238 remotis
996 2189 1026 2238 et
1044 2198 1100 2239 non

86 2263 265 2325 obstantibus.

87 2436 110 2482 G.
121 2437 161 2486 tx.
198 2439 373 2496 Quaestorum
391 2437 608 2498 eleemosynarum
627 2451 716 2484 nomeu
734 2445 840 2483 sturae
861 2437 970 2484 tollitur.
1009 2435 1100 2482 Indae!-

142 2509 245 2566 gcnta'cs
264 2513 290 2552 et
308 2506 460 2566 spirituales
477 2509 583 2567 gratius
602 2505 731 2552 ottla'nurr't'
743 2505 883 2566 publicent.
925 2504 984 2550 Duo
1002 2503 1032 2564 de

303 2574 417 2634 capitulo
435 2573 609 2634 eleemosynae
625 2576 711 2636 gratis
730 2575 870 2634 ucct'prt'out.

139 2692 227 2764 Quum
245 2693 334 2752 nnulta
352 2711 370 2751 a
389 2691 510 2753 diversis
532 2703 618 2752 antea
636 2695 776 2764 conciliis,
795 2703 852 2752 tam
871 2691 1147 2763 Lateranensi³)tos

87 2775 315 2856 aangdnnensi,
335 2797 417 2857 qnam
435 2777 593 2839 Viennensi
603 2780 642 2854 ⁴),
661 2778 798 2838 adversus
816 2797 920 2856 pravos
939 2778 1102 2854 eleemosy-

88 2878 174 2922 narum
201 2875 384 2943 quaestorum
398 2866 425 2938 ⁵)
464 2863 567 2923 abusus
599 2863 728 2924 remedia
754 2875 821 2921 tunc
848 2860 976 2920 adhibita
1003 2869 1100 2938 poste·

88 2946 200 3008 rioribus
222 2945 399 3029 temporibus
418 2947 531 3008 reddita
554 2950 661 3009 fuerint
684 2949 809 3018 inutilia,
832 2947 982 3025 potiusque
1002 2964 1100 3004 eorum

88 3033 184 3093 malitia
200 3036 242 3094 ita
260 3033 387 3114 quotidie
411 3054 513 3113 magno
538 3033 662 3095 bdelium
682 3034 804 3092 omnium
828 3029 965 3090 scandalo
984 3040 1015 3088 et
1032 3048 1102 3108 quc-

89 3117 141 3174 rela
167 3139 339 3180 excrescere
368 3118 617 3199 deprehendatur,
653 3129 684 3177 nt
711 3118 746 3178 de
774 3136 872 3176 eornm
901 3113 1100 3174 emendatione

90 3201 155 3260 nulla
180 3223 246 3284 spes
273 3207 391 3285 amplius
418 3207 521 3266 relicta
547 3201 696 3265 videatur:
734 3204 841 3274 statuit,
868 3211 900 3261 ut
925 3201 1044 3280 posthac
1072 3202 1102 3258 in

90 3286 289 3372 quibuscunque
309 3290 488 3352 Christianae
511 3291 660 3370 religionis
679 3291 752 3351 locis
773 3306 872 3349 eorum
894 3304 998 3346 nomen
1015 3294 1101 3362 atque

91 3383 146 3430 usus
171 3379 283 3454 penitus
308 3377 472 3449 aboleatur,
509 3396 563 3436 nec
604 3375 640 3436 ad
676 3375 798 3436 officium
814 3369 989 3433 huiusmodi
1017 3385 1102 3430 exer-

90 3453 199 3520 cendum
229 3464 370 3522 ullatenus
401 3461 600 3535 admittantur,
639 3483 695 3521 non
728 3459 906 3521 obstantibus
933 3456 1101 3537 privilegiis,

91 3542 230 3620 ecclesiis,
258 3549 456 3620 monasteriis,
484 3547 689 3628 hospitalibus,
722 3548 777 3627 piis
804 3546 876 3606 locis
903 3553 933 3603 ct
959 3542 1102 3623 quibusvis

94 3679 289 3704 κ...-

94 3757 290 3860 xxgepp'llxd.
310 3766 372 3862 tptci.
384 3764 514 3860 smpxn'
526 3767 554 3860 riq
564 3765 608 3861 req
620 3779 640 3861 cs.
650 3769 670 3809 8.
690 3759 983 3860 ΒίἳὴΧεΧιΝὲίιέοιτ-οέὶῖ.
994 3761 1014 3853 Ξ.
1024 3755 1100 3852 ἐξιεὶς

94 3855 117 3946 “ipe
137 3842 207 3953 pluit.
239 3829 322 3914 ,113210-
348 3830 458 3922 l'lodldm
469 3836 522 3912 ill
533 3819 619 3912 tlb'lll.
630 3830 704 3922 jub)
723 3829 868 3910 chbmsl'v.
880 3845 993 3908 dorcic.
1004 3863 1024 3902 2
1036 3858 1100 3902 Sost-

157 3917 230 3962 Μὴ
241 3919 269 3964 de
279 3919 366 3974 induis.
887 3978 906 4034 8
917 3970 935 4010 *
