2648 4336
227 257 314 316 Μ
541 253 669 313 DAMN·
687 254 774 312 etti.
795 253 957 314 tiseos.

227 399 257 456 io
281 416 411 478 errorem
435 398 464 457 in
487 396 616 458 secando
637 399 845 476 propositione
869 395 1005 458 Iooeeoii
1026 396 1192 458 domnolum
1216 406 1245 457 ut

226 482 420 556 loeret'euru,
439 502 559 566 eumque
576 500 731 544 renovent.
1019 509 1021 513 ·

466 667 515 730 Dc
537 667 610 730 iide
631 671 728 729 velut
749 673 858 754 prima
881 673 1008 750 gratia.

640 789 681 836 na
692 789 750 853 fios
768 788 793 858 q.
813 795 835 839 1.

311 893 405 954 xxm.
428 890 606 973 Propositio,
626 912 698 974 quae
717 894 821 953 innuit:
833 887 963 966 „Fidem
980 913 998 954 a
1016 914 1072 974 qua
1091 893 1190 972 incipit
1205 910 1243 950 00.

227 983 285 1040 ries
303 980 473 1060 gratiarum,
492 989 523 1039 et
539 998 593 1059 per
611 999 693 1060 quam
710 980 789 1040 velut
804 981 923 1059 primam
941 998 1042 1040 vocem
1062 997 1198 1039 vocamur
1213 973 1243 1034 ad

227 1067 346 1126 salutem
374 1074 405 1124 et
432 1063 599 1138 ecclesiam,
632 1085 696 1127 esse
722 1066 871 1144 ipsammet
897 1065 1090 1126 excellentem
1122 1064 1243 1122 virtutem

227 1149 309 1222 fidei,
333 1168 388 1228 qua
405 1148 534 1209 homiues
553 1148 654 1210 lideles
676 1151 869 1222 nominantur,
893 1161 924 1212 et
945 1158 1047 1222 sunt,“
1070 1183 1114 1194 -
1136 1143 1242 1229 perinde

227 1254 261 1295 ac
279 1236 360 1315 prior
377 1253 433 1294 non
452 1245 530 1294 esset
547 1237 641 1314 gratia
663 1237 726 1308 illa,
751 1255 822 1314 quae
844 1246 876 1295 ut
897 1237 1047 1315 praevenit
1067 1236 1241 1302 voluntatem,

227 1322 268 1380 sic
286 1320 435 1400 praevenit
453 1331 483 1380 et
501 1319 584 1381 fidem
615 1327 665 1389 (ex
684 1319 714 1380 S.
733 1320 808 1400 Aug.
828 1320 864 1380 de
882 1321 959 1381 dono
977 1339 1092 1401 persev.
1112 1341 1139 1381 c·
1160 1324 1205 1384 lli·
1218 1336 1240 1374 t·

226 1412 308 1480 dl.)=
331 1407 474 1484 Suspecta
498 1407 534 1464 do
557 1407 689 1480 homeri,
714 1427 834 1485 comque
854 1410 986 1486 sopiens,
1010 1409 1090 1467 oleos
1112 1408 1143 1466 tn
1163 1405 1240 1482 Quot·

225 1493 316 1552 nellio
336 1494 489 1563 domnolo,
508 1510 644 1552 erroneo.

563 1677 611 1739 De
634 1677 767 1758 duplici
789 1699 917 1739 amore.

630 1799 671 1846 Do
687 1807 757 1861 gret.
775 1795 800 1864 §.
819 1803 843 1848 8.

309 1899 416 1964 XXlll.
440 1901 578 1961 Doctrina
598 1901 700 1981 synodi
719 1901 754 1961 de
773 1902 879 1981 duplici
898 1922 995 1962 amore
1015 1899 1186 1962 dominantis
1198 1917 1238 1956 cn·

224 1986 352 2069 piditatis
371 1998 401 2047 et
420 1989 548 2046 caritatis
566 1985 751 2058 dominantis,
771 1989 926 2048 enuncians
944 1988 1089 2048 hominem
1107 1989 1166 2046 siue
1183 2002 1237 2062 gra·

225 2075 266 2132 tia
284 2092 347 2132 esse
366 2073 417 2132 sub
436 2074 573 2132 servitute
592 2074 715 2151 pcccati,
734 2074 880 2152 ipsumque
898 2075 928 2132 in
947 2093 982 2133 en
1001 2083 1077 2133 statu
1096 2091 1149 2152 per
1163 2085 1238 2148 gene·

225 2160 314 2217 ralem
333 2157 497 2237 cupiditatis
515 2156 686 2237 dominantis
703 2159 836 2219 ludunum
855 2178 953 2219 omnes
971 2179 1036 2218 suas
1055 2161 1183 2219 actiones
1203 2155 1237 2212 in·

225 2245 314 2303 licere
337 2254 367 2303 ct
389 2263 586 2322 corrumpere,
617 2279 655 2290 -
680 2255 817 2323 quatenus
839 2245 962 2303 insinuat
983 2246 1011 2302 in
1033 2243 1163 2313 homine,
1184 2237 1235 2298 dum

224 2339 270 2389 est
287 2328 338 2389 sule
357 2331 495 2389 servitute
518 2331 577 2388 sive
600 2330 629 2387 iu
652 2339 726 2388 statu
749 2332 877 2408 pcccati,
901 2328 1053 2389 destitutus
1076 2329 1169 2408 gratia
1188 2323 1235 2389 illa,

224 2435 279 2493 qua
298 2414 438 2473 liberatur
456 2433 473 2473 a
491 2415 627 2474 servitute
646 2415 761 2492 peccati
779 2425 809 2473 et
826 2416 1008 2474 constituitur
1026 2415 1102 2476 lilius
1120 2413 1184 2481 lici,
1201 2407 1233 2464 sit

224 2497 364 2558 dominari
384 2496 577 2576 cupiditatem,
597 2509 628 2556 ut
645 2517 698 2577 per
715 2501 878 2576 generalem
898 2501 979 2560 huius
996 2501 1131 2560 influxum
1150 2508 1233 2556 omues

221 2584 297 2645 illius
320 2583 450 2642 actiones
472 2585 501 2641 iu
523 2602 554 2642 se
582 2583 745 2642 inficiantur
771 2595 800 2644 et
827 2595 1057 2666 corrumpantur,
1085 2595 1135 2644 aut
1159 2595 1234 2660 opert

224 2669 327 2741 omnia,
347 2687 419 2748 quae
438 2678 506 2727 ante
523 2669 752 2729 iustificationcm
769 2671 847 2742 liunt,
862 2691 1028 2750 quacunque
1042 2671 1154 2730 ratione
1167 2666 1232 2730 fiant

96 2755 99 2763 '
171 2758 210 2804 ⁴¹⁸
223 2755 280 2814 sint
301 2764 437 2834 peccata,
462 2755 540 2835 quasi
564 2757 593 2814 in
617 2755 746 2815 omnibus
768 2757 825 2815 suis
847 2757 959 2816 actibus
980 2767 1122 2836 peccator
1141 2750 1233 2813 serviti

222 2839 378 2902 dominanti
398 2839 561 2922 cupiditati:
584 2842 689 2913 Folio,
705 2844 889 2918 pernicioso,
908 2843 1049 2902 inducens
1067 2844 1098 2901 in
1117 2849 1232 2900 errorem

220 2947 240 2988 o
263 2929 436 2988 Trt'denta'tro
456 2928 621 2988 domnotoni
640 2935 675 2986 ot
690 2927 880 2999 hoereticum,
901 2929 1005 2988 iterum
1025 2931 1055 2988 itt
1072 2928 1148 2988 Boio
1165 2923 1233 2986 dam·

221 3022 321 3072 notam
340 3022 399 3073 ort.
422 3017 473 3076 to.

694 3198 719 3268 q.
739 3205 778 3249 12.

304 3301 410 3364 xxiv,
434 3305 496 3378 Qua
512 3324 583 3366 vero
601 3315 682 3384 parte
701 3306 777 3365 inter
794 3303 984 3366 dominantem
1008 3303 1185 3384 cupiditatem
1205 3300 1228 3354 tl

219 3391 369 3453 caritatem
388 3387 580 3450 dominantem
599 3391 666 3449 nulli
685 3400 829 3471 ponuntur
851 3391 971 3452 allectus
993 3389 1080 3452 medii
1102 3409 1120 3450 a
1140 3393 1226 3445 maluti

218 3476 280 3552 ipsa
297 3476 389 3547 insiti,
412 3487 567 3555 suapteque
591 3486 692 3536 natura
715 3473 886 3549 laudabiles,
911 3479 958 3556 qui
981 3496 1037 3536 una
1060 3495 1122 3536 cnm
1143 3480 1226 3532 emoto
1285 3509 1286 3516 κ

217 3558 401 3619 beatitudiuis
429 3562 606 3640 naturalique
633 3563 825 3640 propensione
852 3562 888 3622 ad
914 3564 1019 3625 bonum
1045 3554 1225 3623 remantemnt
1284 3611 1285 3640 ,

215 3645 295 3702 velut
313 3654 442 3705 extrema
465 3648 650 3718 lineamenta,
675 3657 705 3705 et
727 3647 865 3726 reliquiae
888 3650 1018 3727 imaginis
1036 3646 1104 3719 Dei,
1131 3675 1163 3688 -·
1184 3639 1225 3710 (⁶¹
1284 3643 1285 3648 ¹

218 3725 250 3784 S.
263 3724 341 3805 Aug.
362 3727 398 3787 de
416 3732 485 3809 spir.
504 3742 534 3792 et
551 3733 593 3792 lit
613 3751 639 3792 c.
659 3737 722 3806 28.)
742 3733 862 3812 perinde
879 3753 914 3794 ac
928 3736 953 3795 si
967 3729 1222 3796 interdicemus

218 3809 355 3883 divinam,
374 3831 446 3890 quae
464 3836 517 3876 uos
534 3813 667 3894 perducit
684 3817 720 3878 ad
739 3838 872 3897 rognum,
892 3832 922 3881 et
939 3820 1121 3880 dilectionem
1138 3816 1221 3875 hnut-

184 3901 188 3908 '
217 3913 281 3952 unm
304 3897 446 3968 illicitam,
474 3918 546 3979 quae
568 3899 731 3975 damnatur,
761 3924 816 3964 nou
840 3904 957 3968 deretur
978 3906 1096 3969 dilectio
1117 3903 1224 3966 ltin⁰⁸
1282 3941 1283 3960 κ
