2654 4330
105 359 111 368 ,
205 233 280 346 no
391 281 555 342 sessio
580 281 655 337 xxr.
690 281 749 336 on
776 275 1043 335 aureamin

153 514 193 557 159
289 499 337 550 ΒΕ
365 497 615 547 COMMUNIONE
639 497 711 544 SUB
736 496 918 554 Urnaque
943 494 1082 542 SPECIE
1101 491 1150 542 H*

576 582 855 631 PARVULORUM.

291 697 360 761 Can.
380 697 403 760 l.
449 696 480 759 Si
499 701 561 778 quis
579 696 685 758 dixerit
699 701 742 773 ¹),
761 715 799 757 ex
816 695 870 758 Dei
888 707 1045 776 praecepto
1063 697 1110 757 vel
1130 716 1228 757 neces-

205 788 289 846 sitate
314 785 412 845 salutis
435 803 533 844 omues
555 794 585 843 et
606 784 733 862 singulos
752 783 858 843 Christi
880 782 980 856 fideles
999 794 1147 862 utramque
1167 801 1227 863 spc-

205 871 485 1016 pqqquhmqapqqitssimi
520 867 713 929 eucharistiae
748 868 920 928 sacramenti
955 885 1067 928 sumere
1107 867 1228 928 dehere:

292 1059 361 1117 Ceu.
381 1055 418 1116 11,
464 1053 495 1114 Si
515 1059 576 1135 quis
595 1053 701 1116 dixerit
713 1057 757 1130 ²),
785 1065 911 1116 sanctam
931 1057 1083 1116 ecclesiam
1111 1057 1229 1117 catholi-

206 1162 268 1202 cum
287 1163 344 1201 uon
363 1141 444 1201 iustis
463 1143 556 1200 causis
574 1152 605 1202 et
622 1139 781 1201 rationibus
799 1141 950 1201 adductam
969 1141 1070 1214 fuisse,
1091 1151 1123 1202 ut
1141 1143 1228 1201 laicos
1262 1171 1271 1178 -

206 1237 290 1307 atque
310 1229 394 1287 etiam
418 1227 542 1286 clericos
565 1246 623 1286 non
647 1227 834 1287 conficientes
857 1227 1012 1308 subparis
1036 1225 1229 1286 tautummodo

206 1313 304 1394 specie
322 1313 559 1384 communicaret,
579 1315 674 1371 autin
692 1331 728 1372 eo
747 1331 874 1372 errasse:
902 1312 1053 1372 anathema
1071 1313 1115 1372 sit.

293 1415 362 1474 Cau.
382 1413 432 1474 111.
478 1411 510 1473 Si
530 1417 591 1493 quis
609 1416 812 1494 negaverim),
831 1426 921 1476 totum
940 1425 971 1474 et
988 1417 1131 1494 integrum
1152 1413 1232 1472 Chri-

206 1511 278 1562 stum
306 1501 428 1559 omuium
455 1499 611 1578 gratiarum
638 1500 746 1560 iontem
775 1510 804 1560 et
831 1511 977 1562 auctorem
1001 1501 1051 1560 suh
1075 1519 1131 1558 una
1154 1502 1232 1579 panis

207 1588 305 1664 specie
323 1587 408 1655 sumi,
437 1587 516 1664 quia,
543 1595 576 1644 ut
593 1584 705 1664 quidam
727 1585 801 1646 salso
823 1597 969 1657 asserunt,
998 1606 1054 1646 uon
1078 1584 1232 1645 secundum

105 1741 107 1753 Ι
207 1673 294 1749 ipsius
314 1671 419 1730 Christi
442 1672 648 1730 iustitutionem
671 1670 722 1730 sub
742 1682 861 1751 utraque
880 1674 977 1750 specie
997 1681 1134 1730 sumatur:
1167 1690 1234 1728 aua·

207 1757 303 1814 tiremu
321 1758 366 1814 sit.

182 1907 188 1914 .
292 1857 361 1916 Cau.
382 1856 431 1917 1v.
475 1855 508 1917 Si
523 1859 584 1937 quis
599 1857 713 1930 dixerit,
733 1859 905 1937 parvulis⁴),
925 1868 1075 1937 autequam
1091 1854 1126 1916 ad
1144 1876 1233 1918 anuos

207 1941 389 2003 discretionis
411 1945 609 2022 pervenerint,
637 1946 828 2004 necessariam
851 1962 915 2003 osse
939 1943 1131 2003 eucharistiae
1157 1935 1234 2003 com·

207 2032 382 2090 munionem:
409 2030 560 2089 anathema
578 2030 624 2088 sit.

293 2127 371 2190 Duos
393 2150 464 2190 vero
486 2132 623 2190 articulos
647 2131 718 2192 adias
740 2131 905 2211 propositos
918 2133 962 2206 ὅ),
991 2125 1113 2190 nondum
1140 2141 1235 2190 umen

207 2233 357 2287 excussos,
384 2213 535 2275 videlicet:
564 2235 599 2274 au
618 2217 759 2288 rationes,
788 2217 887 2296 quihus
905 2228 1005 2276 sancta
1023 2216 1168 2276 catholica
1186 2236 1236 2276 ec·

208 2303 297 2362 ciesia
318 2297 441 2360 adducta
464 2301 531 2373 tuit,
559 2310 591 2360 ut
613 2303 837 2361 communicaret
859 2303 950 2362 laicos
968 2312 1054 2382 atque
1072 2303 1161 2362 etiam
1178 2321 1236 2361 non

208 2387 389 2448 celebrantes
407 2383 575 2446 sacerdotes
593 2387 644 2445 sub
663 2405 718 2446 uua
739 2397 846 2447 tanturn
870 2388 951 2467 panis
973 2389 1087 2467 specie,
1114 2388 1156 2446 ita
1179 2389 1236 2446 sint

42 2511 48 2518 -
153 2491 192 2532 ato
208 2470 392 2541 retinendae,
421 2481 452 2530 ut
474 2470 551 2530 nulia
574 2473 687 2532 ratione
711 2471 811 2532 calicis
828 2493 894 2534 usus
913 2475 1043 2553 cuiquam
1062 2475 1100 2532 sit
1116 2475 1236 2552 permit·

155 2603 160 2610 .
207 2556 323 2629 teudus3
343 2567 386 2615 et:
406 2575 455 2627 an,
475 2558 499 2616 si
517 2555 646 2617 honestis
665 2569 694 2619 et
709 2557 889 2620 Christianae
904 2561 1018 2620 caritati
1033 2559 1236 2618 consentaneis

208 2641 366 2701 rationibus
395 2640 597 2701 concedendus
624 2645 711 2703 alicui
737 2645 782 2704 vel
810 2647 918 2704 nationi
944 2645 989 2704 vel
1017 2663 1107 2724 reguo
1136 2644 1235 2703 calicis

207 2745 274 2786 usus
301 2724 445 2798 videatur,
473 2727 523 2786 suh
552 2727 691 2807 aliquibus
720 2727 931 2790 conditionibus
959 2726 1162 2790 concedendus
1189 2730 1234 2798 sit,

170 2821 185 2893 ¹1}
207 2823 239 2871 et
255 2829 393 2891 quaenam
411 2812 568 2887 simillae,
588 2813 689 2875 eadem
708 2827 807 2876 sancta
825 2815 951 2896 synodus
968 2816 997 2873 ia
1015 2811 1092 2874 aliud
1111 2824 1231 2894 tempus,

69 2979 73 2984 ἡ
171 2888 188 2946 lt
204 2898 304 2957 oblata
331 2897 386 2957 sihi
413 2901 614 2980 quamprimum
643 2903 813 2974 occasione,
842 2898 1044 2962 examinandos
1071 2910 1158 2979 atque
1187 2898 1236 2958 de·

205 2982 349 3044 finiendos
367 2996 505 3046 reservat

368 3143 685 3196 DEGRE'NJMUE
716 3145 1072 3194 REFORMA'HONE.

292 3239 401 3302 Eadem
429 3253 616 3303 sacrosancta
638 3246 825 3305 oecumenica
847 3255 877 3304 et
900 3244 1044 3324 generatis
1066 3241 1236 3303 Tridentiua

204 3325 348 3406 synodus,
376 3330 405 3388 iu
423 3326 533 3410 Spiritu
550 3340 651 3389 sancto
674 3330 802 3410 legitime
826 3339 1017 3410 caumata,
1045 3327 1238 3410 praesidenti·

204 3409 260 3471 hus
283 3414 312 3471 in
335 3431 371 3474 ea
393 3412 500 3474 eisdem
525 3415 803 3496 apostolicaesedis
827 3417 944 3496 legatis,
971 3413 1009 3474 ad
1027 3413 1083 3476 Dei
1106 3416 1238 3494 omnipo·

208 3499 295 3556 tentis
322 3493 433 3559 laudem
465 3511 496 3560 et
525 3511 642 3562 sauctae
674 3503 818 3563 eeclesiae
850 3510 1046 3562 mamertum
1077 3517 1126 3574 ea,
1163 3516 1237 3580 quae

208 3594 377 3662 sequuntur,
407 3583 443 3644 de
470 3587 682 3648 reformationis
710 3590 828 3667 negotio
856 3590 885 3648 in
911 3584 1056 3668 praesenti
1083 3583 1258 3668 statuenda=

209 3685 272 3726 esse
292 3670 411 3729 censuit.

209 3787 421 3810 Q

260 3847 337 3893 Sena,
355 3849 426 3896 xxl.
453 3857 473 3906 ί)
488 3851 518 3896 ci.
529 3865 594 3909 supr.
605 3857 654 3902 ead.
666 3869 687 3902 e.
697 3859 717 3900 i.
735 3879 761 3892 -
778 3855 799 3911 2)
815 3855 845 3902 cf.
856 3871 907 3914 cap.
918 3855 960 3904 eit.
977 3880 1004 3896 -
1018 3858 1043 3913 h)
1058 3854 1088 3901 cf.
1103 3869 1168 3912 supr.
1185 3821 1236 3897 cad.

209 3899 724 4002 aasarracenas-rasa:
741 3909 764 3964 ⁴>
965 3931 991 3944 -
1008 3912 1029 3961 ⁵¹
1045 3899 1236 3952 Μ
