2648 4336
338 257 467 312 DAMN.
487 257 574 314 ΜΝ.
593 259 757 316 maroa.
1012 263 1093 322 8⁰0

61 399 164 478 quasi,
189 409 220 456 nt
241 417 310 457 vera
334 399 408 457 ratio
430 402 614 471 sacramenti,
639 419 694 458 non
718 397 821 460 nudum
842 410 1096 476 nomenservetur',

62 494 207 563 oporteat
225 481 261 542 do
280 485 325 542 via
344 483 503 557 ordinaria,
523 495 553 542 ut
571 495 652 544 actus
670 486 872 546 humiliationis
894 497 924 546 et
946 490 1096 567 poeniten-

61 572 142 640 tiae,
167 569 215 646 qui
234 570 416 646 imponuntur
437 589 488 647 per
510 568 621 628 modurn
645 571 847 630 satisfactionis
870 574 1095 649 sacramentalis,

62 652 250 732 praecedere
265 653 389 712 debeant
406 654 627 714 absolutionem:
647 657 747 726 Falso,
767 659 935 728 temeraria,
955 659 1100 716 communi
1107 689 1145 730 44,

58 739 316 816 praea'cccleaa‘ac
325 741 479 810 siat‘urr'oso,
490 742 631 800 diducens
645 745 674 800 ia
690 761 820 800 errorem
835 743 1014 802 hoereta'ooli
1025 752 1096 802 noto

62 827 94 884 ἐπ
115 827 209 884 Petro
229 825 265 882 de
286 826 370 884 Osmo
388 825 545 902 confisum.

62 993 114 1053 Ile
136 995 283 1073 praevia
305 995 510 1054 necessaria
532 993 763 1074 dispositione
788 1016 849 1075 pro
872 995 1097 1056 admittendis

242 1080 506 1159 poenitentibus
528 1078 569 1138 ad
588 1081 927 1141 reconciliationem.

468 1199 508 1246 Dc
524 1207 595 1262 grat.
613 1195 638 1264 ς.
658 1203 697 1247 15.

155 1299 289 1360 XXXVI.
301 1299 440 1361 Doctrina
449 1299 945 1382 synodi,qaa,postquampraemisit:
956 1301 1096 1376 „Quando

62 1385 251 1444 habebuntur
276 1388 358 1465 signa
385 1406 441 1444 non
468 1387 626 1464 aequivoca
651 1388 757 1446 amoris
783 1385 838 1446 Dei
867 1384 1036 1447 dominantis
1068 1390 1097 1446 in

63 1469 160 1529 corde
181 1471 310 1543 hominis,
329 1490 413 1550 posse
432 1471 509 1530 illum
528 1473 629 1530 merito
648 1470 768 1531 iudicari
788 1470 912 1550 dignum,
932 1475 978 1551 qui
997 1471 1098 1532 admit·

40 1563 43 1569 ’
64 1566 150 1614 tatur
169 1555 205 1614 ad
223 1558 472 1635 participationem
490 1557 635 1634 sanguinis
651 1555 714 1616 lesu
730 1557 846 1628 Christi,
867 1576 938 1636 qnae
957 1557 988 1614 fit
1006 1559 1033 1614 in
1053 1577 1099 1616 sa·

66 1642 262 1712 eramentis,“
277 1641 385 1700 snhdit:
401 1639 624 1721 „Supposititias
640 1644 852 1714 conversiones,
868 1661 940 1720 quae
960 1642 1030 1700 liunt
1047 1661 1100 1721 per

64 1727 262 1798 attritionem,
282 1747 336 1786 nec
355 1727 490 1787 efficaces
510 1747 574 1787 esse
593 1728 698 1798 solere,
718 1746 771 1786 nec
791 1726 976 1799 durabiles;“
996 1747 1099 1786 conse·

64 1823 194 1890 quenter
211 1823 375 1892 „pastorem
391 1815 545 1872 animarum
560 1811 666 1871 dehere
681 1813 813 1871 insistere
828 1813 916 1890 signis
931 1833 987 1871 non
1001 1815 1099 1891 aequi-

64 1899 153 1956 vocis
173 1899 301 1957 caritatis
320 1897 505 1968 dominantis,
524 1907 673 1975 antequam
692 1896 823 1956 admittat
837 1917 903 1956 snos
917 1900 1099 1975 poenitentes
1177 1924 1181 1936 ·

66 1982 108 2040 ad
133 1992 350 2054 sacramenta,“
374 2003 445 2062 quae
468 1985 563 2061 signa,
586 1993 616 2040 nt
636 1981 739 2042 deinde
760 1981 846 2042 tradit
865 1978 904 2062 (ξ.
926 1987 1004 2055 17.),
1028 2002 1100 2061 „pa-

67 2081 136 2127 stor
154 2066 299 2128 deducere
318 2070 426 2147 poterit
439 2089 475 2128 ex
489 2069 583 2127 stabili
599 2069 759 2126 cessatione
773 2087 790 2126 a
804 2077 926 2146 peccato
940 2077 970 2126 et
984 2068 1100 2128 fervore

66 2157 98 2212 in
121 2155 256 2234 operibus
273 2155 392 2226 honis,“
416 2173 497 2232 quem
516 2156 632 2232 insuper
649 2153 792 2214 fervorem
816 2154 945 2213 caritatis
967 2153 1101 2231 perhibet

67 2238 121 2316 (de
141 2242 248 2317 poenit.
269 2236 296 2320 ᾗ
317 2245 379 2314 10.)
399 2240 477 2299 velut
494 2237 718 2318 dispositionem,
734 2257 805 2317 qnae
821 2237 909 2298 debet
921 2237 1100 2317 praecedere

67 2324 295 2398 absolutionem,¹
313 2358 354 2368 —
373 2327 415 2382 sic
434 2325 590 2396 intellecta,
609 2334 714 2382 utnon
732 2325 822 2382 solunt
842 2325 977 2382 contritio
996 2325 1101 2402 imper-

66 2411 166 2480 fecta,
199 2429 271 2488 qnae
298 2410 402 2490 passim
428 2411 582 2468 attritionis
610 2410 723 2468 nomine
751 2406 885 2480 donatur,
915 2409 999 2469 etiam
1027 2427 1100 2488 qnae

68 2498 169 2554 iuncta
188 2497 226 2553 sit
244 2515 305 2554 cum
325 2494 489 2566 dilectione,
510 2515 563 2575 qua
581 2496 665 2555 homo
680 2497 782 2574 incipit
795 2494 917 2573 diligere
932 2493 1022 2554 Deunr
1039 2505 1101 2553 tan·
1124 2549 1127 2554 .

68 2599 156 2659 mam
176 2581 265 2638 omnis
284 2581 408 2640 iustitiae
427 2581 547 2651 iontem,
568 2599 622 2640 nec
641 2580 725 2641 modo
745 2583 881 2640 contritio
900 2583 1021 2640 caritate
1040 2581 1101 2639 ior·

68 2675 164 2735 mata,
187 2664 239 2724 scd
262 2675 292 2724 et
314 2667 411 2724 fervor
430 2667 557 2724 caritatis
576 2660 761 2737 dominantis,
787 2677 817 2725 et
834 2667 883 2724 illc
903 2665 1015 2744 quidem
1038 2664 1100 2724 din-

68 2763 159 2810 turno
178 2751 375 2828 experimento
398 2769 451 2829 per
472 2752 614 2810 fervorem
639 2751 667 2808 in
690 2750 825 2830 operibus
847 2751 930 2810 bonis
953 2752 1099 2828 probatus,

68 2837 253 2914 generaliter
270 2846 300 2895 et
318 2836 447 2895 absolute
465 2836 636 2914 requiratur,
656 2845 688 2892 nt
704 2835 789 2893 lnomo
808 2832 844 2893 ad
863 2845 1051 2905 sacramenta,
1071 2845 1102 2893 et

69 2922 223 3000 speciatim
242 2923 422 3000 poenitentes
441 2920 477 2980 ad
499 2920 686 2980 absolutionis
708 2919 879 2978 beneficium
902 2917 1101 2977 admittantur:

69 3009 178 3078 Falso,
203 3009 376 3078 temerario,
400 3009 507 3085 quietis
529 3008 692 3066 catinorum
712 3002 934 3083 perturbativa,
961 3013 1042 3063 tatae
1064 3021 1102 3082 uc

67 3092 220 3170 probatae
239 3095 269 3151 in
293 3094 418 3154 ecclesia
435 3095 533 3169 praei
553 3093 721 3163 contraria,
744 3089 923 3150 'sacramenta‘
943 3086 1101 3168 efficaciae

72 3178 235 3238 detrudens
253 3187 284 3236 et
300 3180 452 3237 autora'oso.

329 3329 377 3391 De
400 3333 615 3407 auctoritate
638 3327 853 3390 absolvendi.
1115 3341 1157 3381 aaa

419 3451 460 3498 Dc
474 3455 572 3512 poenit.
590 3449 615 3518 §.
634 3454 675 3502 1⁰.
693 3467 718 3501 a.
738 3453 762 3498 6.
886 3421 889 3425 ¹

162 3551 309 3612 XXXVll.
337 3553 476 3614 Doctrina
499 3553 614 3634 synodi,
647 3573 719 3634 quac
746 3551 783 3612 de
810 3551 981 3611 anctoritate
1008 3548 1104 3611 absol·

74 3636 162 3698 vendi
180 3649 302 3718 accepta
319 3658 373 3718 per
390 3638 599 3700 ordinationem
617 3641 767 3700 enunciata
789 3636 881 3710 „Post
897 3636 1103 3696 institutionem

77 3720 254 3784 dioecesium
265 3725 502 3804 otparochiarum
517 3727 690 3786 conveniens
704 3743 778 3796 esse,
791 3733 823 3783 ut
837 3725 954 3802 quisque
969 3721 1103 3783 iudicium

74 3808 133 3868 hoc
152 3821 395 3891 exerceatsuper
413 3831 550 3891 personas
572 3812 627 3871 sibi
648 3810 776 3893 subditas
799 3810 859 3869 sive
881 3810 994 3868 ratione
1018 3807 1104 3867 terri-

77 3896 162 3958 torii.
185 3897 245 3954 sive
264 3897 326 3957 inre
344 3894 465 3977 quodam
484 3898 641 3977 personali,
665 3908 819 3977 propterea
838 3893 912 3975 qnod
931 3895 1016 3955 aliter
1032 3913 1105 3952 con»
