2654 4330
288 208 486 278 ,runnu
513 193 707 284 crannus.
730 181 866 264 (sorve.x
1052 197 1107 269 οι
1170 289 1172 297 Α
1291 177 1293 186 ⁴

85 351 192 429 generis
214 349 327 410 bumani
348 350 476 410 versutia
497 361 681 420 currerunt,
708 358 740 408 ut
762 349 915 410 concilium
937 348 1016 410 velut
1038 350 1109 412 bae·
1146 415 1148 428 ‚

85 455 153 507 rere,
172 455 206 494 nc
224 454 303 494 snum
323 455 434 494 cursum
454 437 664 514 interrumpere
686 436 756 494 satis
780 434 961 496 incommode
984 455 1109 515 eogere·

85 531 133 592 tur,
151 539 271 601 spesque
289 525 380 580 omnis
403 521 548 580 ulterioris
565 539 736 599 progressus
754 520 810 580 buc
828 523 857 578 in
875 531 1005 600 tempore
1022 523 1109 582 tolle·
1150 581 1153 592 ,

84 618 169 679 retur,
205 617 369 685 tantumque
396 605 515 677 meras,
543 616 575 664 ut
601 616 701 666 uncta
727 603 854 685 synodus
881 605 1108 668 Gbristianorum

86 694 156 751 malis
174 703 205 754 et
221 689 410 754 incommodis
428 689 607 763 mederetur,
635 691 834 759 usmnlsorum
857 701 968 752 mentes
990 703 1110 771 praeter
1196 681 1198 689 ’

84 779 121 836 sui
145 779 230 838 animi
257 777 428 838 senteutiam
454 777 585 837 irritaret
610 777 705 856 potius
731 796 814 856 quam
841 777 981 857 placeret.
1018 778 1109 850 Quum

85 865 163 940 igitur
180 865 243 942 ipsa
260 860 506 942 sanctasynodus
524 862 620 921 onnia
638 872 668 921 et
685 865 842 941 praecipue
862 859 1043 923 Germaniam
1062 876 1109 923 ar·

84 950 129 1006 nis
150 947 254 1010 ardere
277 960 309 1010 et
326 946 479 1008 discordiis
497 947 624 1018 videret,
653 966 753 1006 omnes
774 949 838 1007 fere
861 947 1015 1028 episcopos
1036 947 1110 1030 Ger-

84 1053 182 1106 nanos,
201 1036 371 1114 praesertim
389 1034 534 1112 principes
553 1033 706 1105 electores,
726 1034 784 1092 suis
798 1035 956 1094 consultum
976 1035 1110 1094 ecclesiis

85 1121 240 1180 cconcilio
264 1119 384 1180 abiisse:
413 1118 544 1179 decrerit
565 1129 662 1178 tenue
686 1120 853 1178 necessitati
875 1138 933 1178 non
961 1121 1110 1191 reluctari,

85 1215 110 1262 et
133 1204 168 1265 ad
192 1205 316 1265 meliora
342 1215 473 1282 tempora
498 1204 638 1274 reiicere,
664 1214 696 1263 ut
719 1203 834 1275 Patres,
862 1203 938 1282 quod
965 1207 1008 1264 eis
1036 1224 1110 1264 nunc

83 1309 164 1366 agere
182 1311 240 1350 nou
259 1291 338 1362 licet,
358 1291 416 1348 suis
435 1288 534 1348 ovibus
557 1299 740 1367 prospectum
760 1287 796 1347 ud
814 1307 880 1349 snas
898 1291 1040 1349 ecclesias
1063 1309 1110 1349 rc-

86 1375 159 1452 gredi
176 1376 322 1448 valcrent,
347 1393 383 1434 ne
407 1372 513 1434 diutius
535 1374 686 1453 utrobique
709 1375 802 1434 inutili
825 1376 886 1435 otio
912 1385 1109 1435 conterantur.

85 1461 170 1540 Atque
188 1464 241 1533 ita,
273 1462 405 1539 quoniam
422 1461 465 1518 sic
484 1470 643 1538 temporum
667 1458 796 1518 conditio
815 1461 893 1531 tulit,
921 1460 1004 1520 bnius
1023 1479 1111 1520 oecu-

86 1548 180 1606 menici
202 1548 322 1606 concilii
343 1543 504 1605 Tridentini
529 1563 713 1624 progressum
740 1563 795 1623 per
819 1545 965 1605 biennium
992 1565 1112 1624 snspen-

87 1631 198 1690 dendum
216 1633 283 1692 t'cre
302 1630 448 1702 decernit,
474 1641 562 1710 prout
577 1631 723 1711 praesenti
746 1630 866 1690 decreto
885 1630 1048 1710 suspendit,
1075 1650 1110 1691 ea

87 1728 170 1778 umen
187 1719 267 1796 lege,
284 1729 324 1788 ut,
343 1719 368 1777 si
387 1717 471 1776 citius
489 1727 593 1796 pacata
606 1735 654 1776 res
667 1718 713 1786 sit,
733 1735 768 1776 ac
783 1717 973 1795 tranquillitas
991 1717 1112 1796 pristina
1232 1719 1235 1726 ’

87 1814 253 1875 revertatur,
291 1800 367 1880 quod
395 1801 573 1880 sperut‚llei
602 1801 707 1879 Optimi
733 1801 852 1860 Maximi
878 1800 1023 1860 beneficio
1053 1821 1111 1860 non

87 1889 164 1966 longo
182 1890 282 1951 forsan
301 1888 396 1966 spatio
411 1887 553 1958 futurum,
572 1888 660 1965 ipsius
674 1887 792 1948 concilii
807 1905 979 1964 progressus
994 1884 1112 1945 eudem·

87 1985 138 2032 uct
157 1985 288 2054 tempore
311 1992 393 2032 snam.
412 1973 482 2043 νίιιι,
511 1971 673 2031 firmitatem
695 1972 882 2049 vigoremque
906 1971 1013 2030 babere
1042 1989 1114 2030 cen·

88 2070 183 2118 suatur.
238 2057 291 2118 Sin
318 2068 427 2129 autem,
464 2055 540 2137 quod
567 2055 646 2116 Deus
677 2067 804 2127 avertat,
840 2066 962 2136 peracto
992 2056 1110 2130 biennio

85 2143 226 2222 ‘praedicta
249 2144 380 2222 legitima
405 2142 608 2222 impedimenta
635 2161 693 2202 non
719 2143 828 2202 inerint
850 2141 998 2216 submota,
1027 2161 1111 2222 quum
1132 2145 1138 2158 ‘

88 2232 197 2306 primum
219 2229 413 2300 cessaverint,
442 2228 507 2288 talis
529 2228 679 2308 suspensio
701 2247 739 2288 co
762 2229 825 2307 ipso
848 2227 961 2288 sublata
984 2247 1049 2288 esse
1067 2230 1112 2288 in·

89 2315 239 2393 telligatur,
269 2334 304 2374 uc
328 2333 395 2373 suus
416 2314 502 2391 vigor
524 2324 555 2374 et
575 2312 665 2374 robur
687 2314 813 2374 concilio
836 2314 876 2372 sit
898 2315 1059 2373 restitutum
1082 2322 1113 2373 et
1126 2334 1165 2376 ssa
1265 2385 1270 2392 ι

89 2418 144 2459 esse
167 2401 346 2478 intelligatur
367 2399 429 2458 sine
452 2399 510 2461 clia
531 2418 606 2459 nova
629 2398 746 2459 concilii
774 2400 998 2470 convocatione,
1026 2415 1113 2458 acce·

90 2483 166 2545 deute
192 2485 230 2545 ad
258 2485 315 2545 boc
343 2483 491 2545 decretum
519 2503 660 2545 consensu
686 2495 718 2545 ct
744 2485 918 2544 anctoritate
942 2481 1113 2544 Sanctitntis
1149 2517 1151 2523 ·

90 2588 149 2630 suae
167 2582 197 2630 et
213 2582 334 2632 sanctae
352 2568 430 2630 sedis
448 2569 637 2648 apostolicae.

165 2655 282 2718 interea
306 2667 401 2714 tamen
423 2654 525 2715 eadem
548 2665 648 2715 saneta
671 2653 797 2734 synodus
821 2653 991 2714 exhortatur
1013 2673 1114 2714 omnes

90 2742 225 2821 principes
248 2741 428 2802 Christianos
455 2750 485 2800 et
512 2759 610 2802 omnes
637 2741 797 2819 praelatos,
825 2749 857 2799 ut
883 2739 1053 2810 observent,
1081 2747 1114 2800 et

91 2828 258 2904 respective,
278 2837 416 2906 quatenus
434 2824 471 2885 ad
490 2845 541 2886 eos
558 2835 685 2904 spectat,
706 2825 862 2884 observare
880 2825 990 2885 iaciant
1007 2825 1036 2882 in
1054 2825 1113 2884 suis

32 2963 33 2970 ,
90 2913 193 2988 regnis,
220 2911 355 2973 dominiis
378 2922 409 2970 et
425 2911 560 2971 ecclesiis
578 2911 673 2971 omnia
691 2920 722 2970 et
738 2911 865 2988 singula,
894 2927 967 2988 quae
984 2927 1039 2988 per
1055 2908 1113 2969 boc
1240 2945 1250 2954 -

90 3013 193 3136 {acrum
220 2997 437 3058 oecumenicum
464 2996 617 3057 concilium
643 2996 760 3055 fuerunt
785 2995 925 3054 bactenus
952 3002 1059 3054 statuta
1083 3004 1114 3056 et

108 3093 210 3142 cereta.

261 3336 445 3394 nummu
468 3333 936 3392 cnnnnnnmluuls

95 3438 492 3518 coucrurr
556 3441 1112 3536 rnrnnurrnr,

298 3571 391 3640 SUB
414 3571 497 3638 rto
519 3571 580 3638 IV.
603 3571 751 3639 PONT.
774 3571 898 3640 MAX.

171 3695 237 3758 Pius
254 3697 428 3780 Episcopus,
456 3715 555 3758 servus
573 3715 719 3758 serrorum
739 3695 807 3769 Dei,
827 3695 863 3758 ad
881 3699 1049 3778 perpetuam
1068 3696 1114 3755 rei

100 3784 263 3844 memoriam.
298 3783 346 3843 Ad
365 3784 508 3845 ecclcsiae
526 3784 671 3863 regimen,
691 3783 760 3843 licet
778 3794 858 3843 tanto
878 3783 961 3844 oneri
978 3784 1113 3862 impares,

99 3864 152 3923 sula
164 3865 217 3926 llei
232 3865 396 3949 dignatione
409 3871 517 3943 vocati,
537 3873 631 3930 statim
647 3870 882 3930 circumferentes
896 3869 999 3929 mentis
1014 3866 1115 3926 oculos

136 3969 210 4011 conc.
228 3973 356 4015 nnrnurr.
924 3959 945 4017 7
