2648 4336
240 229 315 292 ⁸12
547 231 681 287 nomm
693 231 783 287 stu.
800 231 964 316 rts'ton.

240 373 349 432 tentiae
371 373 477 432 iactatu
500 371 535 432 ab
559 371 695 452 episeopo
716 372 764 431 vel
787 370 898 451 synodo
921 371 1032 432 aboleri
1058 392 1141 452 posse
1170 392 1259 444 casus,

241 478 312 539 quos
324 457 492 518 'tridentina
510 457 635 539 synodus
654 455 745 532 (Sess.
764 455 842 517 XIV.
863 477 888 516 c.
908 456 952 536 7.)
966 457 1096 518 declarat
1109 458 1258 519 Pontifices

180 553 183 562 ’
240 545 378 604 maximos
395 543 520 622 potuisse
539 563 591 622 pro
610 562 740 622 suprema
755 553 898 622 potestate
912 542 966 601 sibi
980 543 1009 600 in
1024 544 1155 603 universa
1169 544 1259 602 eccle-

224 630 282 696 sia
301 628 407 689 tradita
430 629 570 708 peculiari
593 647 644 686 suo
667 625 774 687 iudicio
798 647 962 687 reservare:
985 630 1153 706 Propositio
1167 625 1257 706 sulse,

242 717 417 786 temerario,
442 715 569 774 concilio
591 713 761 774 Trallentr‘no
786 723 818 772 et
831 732 1003 773 summorum
1022 713 1196 793 Pontificum
1214 733 1259 772 uu-

240 802 379 864 ctorr'tntt'
394 800 556 878 derogans,
577 808 609 857 et
624 796 778 858 iniurioso.

633 967 680 1028 De
704 970 870 1028 censoris.

587 1088 628 1136 De
641 1091 739 1150 poenit.
754 1086 801 1154 §§.
821 1091 861 1136 2⁰.
880 1091 921 1136 22,

325 1190 428 1251 xtvt.
451 1190 615 1271 Propositio
639 1211 785 1252 asserens:
808 1189 971 1262 „Effectum
994 1192 1260 1251 excommunicatio·

131 1292 134 1298 ’
240 1278 284 1336 nis
303 1278 476 1337 exteriorem
495 1275 633 1337 duntaxat
651 1297 725 1351 esse,
745 1277 809 1355 quia
828 1275 1021 1335 tantummodo
1035 1285 1138 1336 natura
1153 1297 1205 1336 sua
1217 1296 1259 1336 ex·

242 1361 330 1422 cludit
348 1363 383 1422 ab
403 1365 549 1422 exteriore
569 1364 825 1422 communicatione
845 1363 1025 1432 ecclesiac,“
1047 1395 1091 1407 -
1113 1365 1195 1441 quasi
1217 1381 1261 1421 cx-

241 1449 460 1507 communicatio
479 1467 535 1507 non
554 1449 593 1506 sit
613 1467 706 1526 poena
725 1447 894 1525 spiritualis,
920 1446 1011 1524 ligans
1029 1448 1058 1505 in
1082 1449 1183 1519 coelo,
1206 1448 1259 1506 ani·

240 1554 299 1594 mas
318 1534 461 1612 obligans,
486 1537 536 1608 (ex
555 1531 585 1590 S.
604 1531 679 1610 Aug.
699 1552 745 1610 ep·
764 1538 837 1596 250.
860 1530 976 1591 Auxilio
1000 1533 1152 1611 episcopo,
1173 1533 1259 1592 Tract

239 1625 290 1683 ὅθ.
310 1621 339 1677 in
357 1619 437 1678 loan.
458 1639 484 1677 n.
506 1623 582 1694 12·):
600 1619 706 1689 Falso,
724 1620 911 1695 perniciosa,
937 1621 967 1677 r'n
991 1627 1048 1676 art.
1074 1623 1125 1680 23.
1143 1619 1263 1678 hutten·

241 1707 395 1775 domnolo,
417 1706 457 1762 od
472 1707 565 1764 mrbus
584 1723 719 1763 erronea.

669 1872 712 1941 §§.
730 1877 770 1922 21.
790 1876 831 1923 aa.

324 1993 441 2056 XLVII.
466 1995 552 2067 Item,
576 2015 648 2074 qnae
667 1993 768 2064 tradit,
792 1994 985 2053 necessarium
1004 2014 1067 2054 esse
1086 1997 1257 2075 iuxtaleges

241 2081 386 2141 naturales
404 2092 434 2140 et
452 2080 576 2152 divinas,
600 2091 631 2139 nt
653 2082 712 2139 sive
736 2078 773 2138 ad
796 2081 1121 2140 excommunicationem
1144 2083 1205 2142 sive
1226 2079 1256 2140 ad

241 2168 453 2245 suspensionem
468 2165 645 2247 praecedere
661 2164 766 2225 debeat
780 2184 900 2225 examen
914 2167 1076 2245 personale,
1090 2176 1177 2246 atque
1192 2166 1256 2227 adeo

241 2254 397 2312 sententias
417 2250 508 2329 dictas
526 2253 590 2331 ipso
608 2252 686 2311 lacte
704 2272 761 2310 non
780 2251 864 2310 aliam
881 2253 936 2310 vim
955 2251 1078 2325 babere,
1097 2253 1152 2312 nisi
1172 2254 1256 2313 seriae

241 2339 466 2397 comminationis
494 2339 555 2396 sine
586 2337 643 2396 ullo
677 2337 784 2396 actuali
811 2335 930 2396 ellectu:
958 2338 1061 2408 Falsa,
1091 2341 1252 2408 temerario,

235 2425 423 2502 perniciosa,
445 2423 587 2482 ecclcst'oe
601 2424 750 2499 potestati
765 2422 924 2493 einiurt‘oso,
942 2439 1082 2482 erroneo.

709 2589 734 2658 §.
753 2594 793 2640 na

185 2732 226 2775 sto
323 2710 455 2772 XLVlll.
470 2711 550 2784 Item,
573 2731 645 2792 quae
659 2713 844 2791 pronunciat:
864 2713 1015 2785 „inutilem
1030 2732 1064 2772 ec
1080 2733 1181 2772 vanam
1198 2731 1253 2772 esse
1303 2707 1304 2768 ἶ

237 2798 387 2858 formulam
406 2799 546 2858 nonnullis
564 2799 668 2858 abhinc
690 2798 813 2858 saeculis
831 2797 975 2858 inductam
993 2798 1161 2858 absolvendi
1175 2817 1254 2878 gene·
1303 2769 1304 2836 l

236 2885 338 2945 naliter
355 2884 391 2943 ab
411 2884 765 2955 excommunicationibus,
784 2884 812 2941 in
832 2904 901 2963 quas
920 2884 1012 2944 tidelis
1030 2882 1160 2946 incidere
1179 2894 1253 2964 potn-

235 2973 343 3030 isset“:
365 2972 470 3043 Falso,
492 2972 667 3043 temerario,
684 2972 781 3048 preci
796 2971 938 3030 ecclcsiae
956 2973 1110 3030 iniurioso.

622 3148 660 3180 f·
708 3121 792 3190 §.aa

320 3243 425 3304 XLIX.
437 3244 517 3317 Item,
525 3243 719 3325 quaedamnat
729 3254 759 3303 ut
769 3243 859 3305 nullas
870 3253 900 3302 et
909 3241 1047 3302 invalidas
1057 3241 1252 3323 suspensiones
1303 3219 1304 3268 ἶ

235 3328 435 3390 exiniormata
445 3332 636 3392 conscientia:
650 3330 751 3400 Falsa,
758 3328 943 3408 pernicioso,
961 3331 990 3387 in
1006 3327 1089 3388 Tn'd.
1105 3329 1251 3390 rbioriosu.
1303 3375 1304 3406 ἕ

713 3483 779 3532 Iota,

317 3601 352 3662 L.
375 3603 445 3664 ltem
463 3605 492 3662 in
510 3623 562 3675 eo,
582 3602 657 3682 quod
676 3604 807 3674 insinuat,
827 3603 881 3662 soli
901 3602 1037 3681 episcopo
1056 3602 1100 3660 ias
1118 3615 1249 3662 nonense

232 3687 274 3744 uti
293 3697 449 3764 potestate,
474 3708 556 3767 qnam
574 3699 669 3748 tanuen
690 3690 717 3748 ei
742 3687 836 3748 defert
852 3685 1047 3748 Tridentinnm
1062 3687 1155 3770 (Sese.
1175 3680 1247 3745 XlV.

234 3789 261 3828 c.
286 3777 314 3832 1.
339 3769 374 3829 de
393 3775 470 3846 rei),
495 3775 686 3852 suspensionis
704 3793 741 3834 ex
759 3776 910 3833 informata
930 3772 1107 3832 conscientia
1129 3771 1248 3850 legitime

171 3883 174 3888 ·
232 3854 420 3934 infligendae:
439 3858 655 3919 Iorisdictionis
668 3863 873 3938 praelatorum
891 3859 1034 3920 ecclcsiae
1052 3857 1171 3917 lacertu.
