2652 4330
253 231 396 318 snssro
415 265 469 320 rx.
491 265 545 318 nn
565 265 802 322 naoaocnr.
820 265 925 322 suas.
1035 263 1089 323 u

389 475 571 526 sessio
601 475 759 542 noun,

312 569 544 618 nouournn
577 572 839 620 cnunounrn

230 663 294 708 orn
312 665 391 710 xxi.
410 667 550 712 unssrs
568 667 722 712 crannus
745 667 921 712 unxnvn.

131 793 366 848 DECRETUM
398 797 758 843 Pnonottnrtoats
784 799 1021 847 stesstottls.

148 907 227 968 llaec
244 919 430 968 sacrosancta
449 912 635 970 oecumenica
654 921 684 969 et
701 912 846 988 generalis
864 914 999 992 synodus,
1020 936 1092 995 quae

71 991 164 1052 dudum
182 995 211 1052 in
235 995 352 1053 civitate
370 993 539 1054 Tridentina
558 995 736 1074 congregata
754 1007 831 1066 erat,
851 1018 924 1059 nunc
943 999 1092 1062 Bononiae

74 1077 217 1158 inSpiritu
244 1089 345 1138 sancto
373 1079 501 1157 legitime
529 1091 721 1158 congregata,
750 1082 981 1159 praesidentibus
1003 1088 1032 1144 in
1056 1107 1092 1146 ea

74 1165 174 1222 nomine
193 1163 367 1222 sanctissimi
385 1165 414 1222 in
434 1163 550 1223 Christo
569 1166 658 1242 patris
682 1175 711 1224 et
729 1163 836 1228 domini
855 1170 960 1240 nostri,
985 1169 1092 1230 domini

74 1246 143 1307 Pauli
164 1247 259 1308 divina
286 1247 467 1328 providentia
494 1247 588 1328 Papae
616 1249 682 1321 lll.,
711 1249 818 1311 eisdem
846 1252 1092 1315 reverendissimis

75 1331 196 1406 dominis,
216 1333 251 1392 D.
272 1334 380 1392 Ioanne
397 1333 490 1392 Maria
509 1336 647 1414 episcopo
666 1334 853 1395 Praenestino
873 1337 909 1397 de
928 1339 1042 1412 Monte,
1063 1352 1093 1400 et
1138 1388 1141 1394 .

74 1417 199 1478 blarcello
226 1421 271 1476 tit.
302 1417 332 1476 S.
361 1417 463 1496 Crucis
490 1421 518 1476 in
546 1419 700 1479 Ierusalem
726 1421 914 1499 presbytero,
944 1421 974 1482 S.
999 1425 1033 1484 ll.
1057 1425 1091 1484 E.

77 1503 253 1584 cardinalibus
273 1514 304 1563 et
321 1505 488 1584 apostolicis
506 1503 542 1563 de
561 1505 652 1563 latere
671 1505 785 1583 legatis,
805 1505 1001 1582 considerans,
1017 1509 1092 1589 quod

76 1586 115 1648 die
131 1587 279 1648 undecima
297 1590 401 1649 mensis
411 1589 509 1648 Martii
527 1591 688 1668 praesentis
707 1592 773 1648 anni
787 1592 816 1649 in
830 1595 961 1670 generali
978 1595 1094 1674 publica

76 1675 198 1747 sessione,
216 1676 246 1733 in
266 1673 368 1736 eadem
387 1675 503 1733 civitate
521 1673 652 1734 Tridenti
675 1677 751 1734 etin
769 1676 836 1735 loco
856 1690 994 1738 consueto
1014 1681 1093 1740 cele-

74 1757 153 1831 brata,
172 1760 357 1838 omnibusque
381 1759 501 1838 agendis
525 1759 561 1818 de
584 1779 664 1821 more
693 1762 834 1839 peractis,
858 1781 895 1821 ex
914 1765 1007 1824 causis
1025 1776 1092 1826 tunc

75 1845 240 1918 instantibus,
260 1845 430 1924 urgentibus
449 1855 479 1904 et
497 1845 640 1922 legitimis,
660 1845 869 1905 interveniente
889 1849 974 1907 etiam
993 1861 1094 1909 aucto·

75 1930 149 1989 ritate
166 1942 284 1991 sanctae
303 1929 380 1990 sedis
398 1931 590 2009 apostolicae,
610 1927 718 1988 eisdem
741 1929 987 1991 reverendissimis
1009 1954 1094 2012 prae·

76 2013 217 2075 sidentibus
240 2018 328 2076 etiam
355 2016 521 2094 specialiter
549 2033 701 2085 concessa,
731 2013 861 2074 decrevit
888 2027 918 2076 et
940 2016 1118 2091 ordinavit·

77 2102 212 2160 concilium
233 2121 271 2160 cx
295 2121 330 2160 co
350 2101 416 2160 loco
440 2103 469 2159 in
492 2099 569 2158 hanc
593 2100 737 2159 civitatem
765 2100 994 2162 transferendum
1018 2123 1093 2176 esse,

77 2187 148 2244 sicuti
164 2187 318 2258 transtulit,
338 2188 462 2265 itemque
480 2187 636 2246 sessionem
654 2204 707 2264 pro
726 2188 872 2264 praesenti
891 2186 937 2246 die
956 2190 1096 2268 vigesima

77 2272 154 2347 prima
169 2271 278 2350 Aprilis
296 2272 356 2331 illic
375 2272 520 2342 indictam,
539 2281 572 2329 nt·
589 2269 625 2330 de
643 2282 888 2331 sacramentorum
907 2284 936 2332 et
954 2275 1095 2335 reforma·

77 2355 150 2416 tionis
171 2359 311 2428 materiis,
340 2355 376 2416 dc
404 2357 504 2436 quibus
531 2353 711 2415 tractandum
737 2369 940 2437 proposuerat,
969 2379 1095 2420 canones

78 2443 242 2503 sancirentur
261 2453 292 2501 et
309 2444 574 2522 promulgarentur,
602 2442 631 2500 in
649 2441 704 2500 hac
723 2442 784 2520 ipsa
808 2443 926 2503 civitate
945 2443 1094 2506 Bononiae

79 2528 204 2589 celebrari
223 2529 347 2602 debere3
376 2526 632 2608 consideransque,
657 2528 807 2586 nonnullos
826 2547 863 2586 ex
881 2529 1023 2607 patribus,
1047 2533 1094 2608 qui
1103 2550 1129 2592 ts

77 2610 102 2668 in
117 2613 167 2673 boc
185 2616 310 2675 concilio
329 2616 469 2674 interesse
490 2622 709 2682 consueverunt,
728 2613 772 2672 bis
791 2614 986 2691 superioribus
1005 2617 1095 2674 maio-

79 2697 111 2754 ris
130 2698 323 2760 hebdomadae
348 2711 377 2758 et
403 2700 591 2759 solemnitatis
611 2697 760 2778 paschalis
787 2697 888 2758 dicbus
915 2701 942 2756 in
970 2702 1094 2779 propriis

81 2782 197 2844 ecclesiis
216 2795 384 2864 occupatoS,
404 2785 514 2864 aliquos
533 2786 618 2842 etiam
637 2783 701 2843 aliis
724 2781 932 2861 impedimentis
952 2783 1093 2857 detentos,

78 2863 125 2925 buc
140 2869 259 2930 nondum
278 2871 446 2942 accessisse,
467 2889 537 2949 qnos
547 2880 641 2928 tamen
658 2869 740 2928 brevi
758 2868 906 2928 adiuturos
925 2868 1095 2947 sperandum

80 2962 129 3024 est,
150 2973 183 3015 ac
199 2966 358 3036 propterea
375 2957 482 3014 factum
501 2975 580 3026 esse,
604 2951 710 3013 utnon
729 2973 777 3025 ca,
802 2973 884 3032 quam
906 2965 1006 3013 sancta
1028 2975 1096 3032 syn·

81 3036 140 3096 odus
157 3039 352 3112 desiderabat,
379 3042 572 3121 praelatorum
599 3040 761 3117 frequentia
783 3040 930 3118 potuerint
957 3041 1095 3098 materiae

80 3121 147 3199 ipsae
164 3128 406 3187 sacramentorum
424 3137 455 3186 et
472 3126 685 3185 reformationis
704 3125 860 3184 examinari
879 3135 909 3183 et
927 3122 1045 3183 discuti:
1064 3134 1097 3184 ut

83 3211 163 3269 onnia
188 3223 297 3272 maturo
327 3213 468 3283 consilio,
506 3231 568 3270 cum
596 3210 735 3287 dignitate
768 3220 798 3269 et
828 3210 969 3288 gravitate
998 3210 1095 3270 debita

81 3291 148 3366 bant,
164 3297 276 3371 bonum,
296 3309 485 3379 opportunum
504 3308 535 3355 et
553 3295 710 3376 expediens
725 3297 836 3355 censuit
851 3306 1015 3374 censetque,
1035 3315 1095 3354 ses-

84 3375 178 3440 sionem
203 3383 395 3463 praedictam,
424 3401 495 3462 qnae
522 3381 578 3440 hoc
597 3384 659 3461 ipso
678 3379 739 3453 die,
763 3392 795 3440 ut
811 3382 988 3460 praefertur,
1017 3382 1096 3440 cele-

82 3459 178 3526 branda
198 3479 274 3542 crat,
297 3469 334 3528 ad
353 3467 427 3529 diem
452 3468 528 3527 lovis
556 3468 630 3526 inira
662 3477 790 3526 octavam
814 3466 1003 3527 Pentecostes
1027 3487 1096 3546 pro-

84 3547 147 3608 xime
167 3553 288 3614 futuram
312 3553 405 3635 quoad
429 3555 504 3634 ipsas
527 3555 662 3612 materias
690 3550 884 3630 expediendas
908 3551 1095 3611 differendam

86 3641 110 3688 tt
131 3639 335 3718 prorogandam
366 3659 449 3712 esse,
486 3636 719 3720 quemadmodum
751 3635 849 3696 differt
875 3657 909 3698 ac
941 3647 1095 3717 prorogat3

83 3733 156 3792 pam
173 3722 245 3784 diem
263 3737 294 3786 et
310 3728 354 3786 rei
377 3725 522 3803 gerendae
545 3725 667 3784 maxime
687 3733 887 3800 opportunam,
916 3734 946 3781 et
967 3721 1096 3800 patribus

87 3811 241 3875 praesertim
258 3812 424 3872 absentibus
441 3808 674 3890 percommodam
692 3807 829 3867 iudicavit
846 3819 877 3867 et
887 3807 1015 3866 iudicat:
1039 3807 1095 3865 hoc

91 3893 168 3950 lttten
185 3894 307 3970 adiecto,
327 3894 401 3978 quod
422 3899 569 3959 terminum
588 3898 678 3972 ipsum
701 3895 762 3971 ipsa
781 3905 880 3955 sancta
898 3890 1024 3974 synodus
1042 3909 1096 3970 pro
