2654 4334
163 251 166 254 ·
197 227 291 291 m
418 228 510 282 REO.
529 226 674 283 DECEM
692 225 747 280 DE
765 217 842 280 LlB.
856 223 1031 291 ,Peottttt

213 371 373 452 zuinglium,
397 369 545 443 Calvinus,
569 368 719 431 Baltbasar
740 367 971 440 Pacimontauus,
996 365 1234 440 Swencbicldius,

212 469 244 519 et
260 459 304 517 liis
316 456 443 528 similes,
467 458 659 536 cuiuscunque
682 456 816 526 nominis,
841 455 913 514 tituli
935 464 985 513 ant
1005 457 1167 532 argumenti
1185 474 1236 514 ex-

212 546 327 616 sistant,
355 543 469 603 omnino
496 541 694 623 probibentur.
746 539 876 601 Aliorum
902 550 995 600 antem
1021 540 1234 600 baereticorum

212 630 292 703 libri,
316 630 363 708 qni
386 627 422 689 de
445 629 586 707 religione
609 625 721 707 quidem
745 647 782 686 ex
803 627 934 705 professo
958 636 1096 698 tractant,
1121 627 1234 685 omnino

210 713 389 776 damnantur.
436 713 489 788 Qui
505 733 576 773 vero
595 712 632 772 de
650 713 791 790 religione
814 732 870 770 non
893 721 1032 783 tractant,
1056 733 1073 771 a
1092 712 1236 790 theologis
1309 711 1310 734 ¹

212 801 364 861 catholicis
377 801 454 860 iussn
469 801 668 878 episcoporum
679 808 709 858 et
718 798 914 877 inquisitorum
929 799 1083 862 examinati
1092 807 1123 858 et
1133 817 1237 877 appro-

209 887 270 946 bati
293 886 503 966 permittuntur.
553 883 633 944 Libri
656 885 741 944 etiam
765 883 902 943 catholici
925 880 1095 962 conscripti,
1119 893 1176 942 taur
1199 884 1235 942 ab
1309 879 1310 942 l

210 974 276 1043 illis,
296 972 343 1051 qni
361 981 463 1048 postea
479 971 510 1030 in
528 969 669 1030 baeresim
689 969 760 1049 lapsi
779 978 852 1040 sunt,
872 987 953 1048 qnam
968 967 1004 1027 ab
1019 969 1085 1040 illis,
1105 965 1153 1048 qui
1170 980 1237 1050 post
1309 981 1310 1000 ¹

210 1059 317 1136 lapsum
341 1055 378 1114 ad
401 1055 545 1115 ecclesiae
568 1057 705 1134 gremium
729 1053 856 1124 rediere,
884 1053 1035 1134 approbati
1058 1073 1075 1112 a
1096 1055 1235 1114 facultate
1309 1039 1310 1122 l

208 1141 376 1220 theologica
394 1140 514 1201 alicuius
536 1142 730 1202 universitatis
754 1140 915 1200 catholicae
933 1141 979 1199 vel
997 1138 1032 1198 ab
1052 1139 1235 1220 inquisitione

209 1227 339 1306 generali
355 1228 482 1308 permitti
501 1237 645 1307 poterunt.

154 1351 195 1394 889
605 1349 757 1397 REGULA
792 1349 834 1395 ΙΙΙ.

293 1432 451 1492 Versiones
469 1434 639 1512 scriptorum
659 1433 743 1490 etiam
766 1430 1044 1503 ecelesiasticorum,
1069 1449 1142 1510 quae
1165 1431 1235 1490 bac·

207 1529 290 1579 tenus
312 1518 409 1578 editae
431 1528 497 1578 sunt
515 1537 532 1576 a
551 1515 689 1578 damnatis
716 1517 894 1588 auctoribus,
922 1515 1007 1575 modo
1035 1517 1104 1575 nihil
1133 1527 1235 1575 contra

206 1625 303 1664 sanam
326 1603 486 1666 doctrinam
510 1605 689 1673 contineant,
712 1604 923 1681 permittuntur.
967 1602 1120 1661 Librorum
1138 1613 1235 1662 autem

72 1758 75 1772 .
205 1691 313 1750 veteris
331 1691 494 1750 testamenti
512 1691 660 1749 versiones
677 1689 746 1747 viris
765 1698 872 1746 tanturn
891 1687 985 1746 doctis
1004 1699 1033 1748 et
1051 1689 1106 1766 piis
1125 1686 1232 1747 iudicio

94 1835 99 1843 κ
207 1776 336 1854 episcopi
359 1775 481 1835 concedi
503 1786 652 1854 poterunt,
680 1773 765 1832 modo
789 1771 948 1833 huiusmodi
971 1773 1151 1832 versionibus
1172 1783 1234 1832 tan·

206 1881 287 1940 qnam
307 1860 545 1921 elucidationibus
557 1860 690 1938 vulgatae
706 1858 840 1918 editionis
850 1857 1233 1938 adintelligendamsacram

42 2003 47 2012 .
205 1949 386 2026 scripturam,
406 1967 462 2006 non
480 1957 575 2006 antem
594 1957 726 2026 tanquam
741 1965 811 2004 sano
827 1954 907 2003 textu
922 1955 1045 2004 utamur.
1072 1943 1233 2006 Versiones
1309 2007 1310 2032 ,

93 2045 97 2060 ¹
204 2052 273 2097 vero
289 2035 354 2092 novi
369 2034 532 2092 testamenti
546 2032 582 2092 ab
597 2030 763 2092 auctoribus
780 2031 888 2108 primae
908 2031 1007 2090 elassis
1026 2030 1108 2089 buius
1127 2029 1232 2090 indicis
1309 2043 1310 2116 q

203 2119 298 2177 factae
316 2119 422 2176 nennini
442 2116 645 2189 concedantur,
666 2119 731 2196 quia
749 2116 879 2175 utilitatis
897 2135 1005 2196 parum,
1024 2117 1147 2196 periculi
1162 2135 1231 2176 vero
1309 2123 1310 2154 l

103 2257 107 2260 .
203 2205 352 2283 plurimum
371 2204 527 2262 lectoribus
545 2223 583 2263 ex
601 2221 697 2263 earnm
717 2202 842 2262 lectione
861 2221 976 2261 manare
994 2203 1078 2261 solet.
1108 2201 1140 2262 Si
1158 2222 1230 2282 quae

202 2309 273 2348 vero
301 2291 501 2349 annotationes
528 2309 591 2348 cnut
617 2286 791 2360 huiusmodi,
821 2307 892 2366 quae
920 2289 1136 2366 permittuntur,
1165 2307 1230 2347 ver-

201 2375 342 2445 sionibus,
365 2375 412 2434 vel
431 2394 493 2434 curn
511 2376 627 2452 vulgata
646 2373 773 2433 editione
797 2375 1048 2445 circumferuntur,
1077 2377 1230 2453 expunctis

203 2461 275 2518 locis
294 2460 434 2539 suspectis
452 2479 469 2517 a
487 2459 624 2517 facultate
643 2458 809 2536 theologica
828 2459 948 2518 alieuius
967 2460 1161 2520 universitatis
1182 2479 1230 2518 ca·

201 2544 327 2604 tholicae
349 2555 401 2603 aut
422 2545 604 2622 inquisitione
628 2545 772 2621 generali,
800 2546 926 2622 permitti
949 2543 1057 2606 eisdem
1080 2555 1227 2624 poterunt,

200 2629 300 2707 quibus
327 2640 358 2688 et
383 2629 541 2688 versiones.
605 2629 710 2702 Quibus
738 2628 950 2706 conditionibus
978 2640 1067 2690 totum
1094 2631 1228 2690 volumen

201 2715 361 2774 bibliorum.
387 2713 462 2794 qnod
480 2716 565 2794 vulgo
583 2714 672 2774 biblia
690 2713 804 2774 Vatabli
830 2714 947 2784 dicitnr,
973 2727 1021 2775 ant
1043 2726 1142 2795 partes
1166 2717 1227 2775 eius

200 2801 323 2860 concedi
344 2803 411 2861 viris
429 2801 483 2880 piis
501 2813 532 2861 et
549 2799 643 2860 doctis
661 2811 808 2880 poterunt.
856 2800 901 2860 Ex
918 2801 1014 2860 bibliis
1031 2821 1101 2861 vero
1121 2800 1227 2861 lsidori

199 2886 288 2948 Clarii
311 2887 439 2947 Brixiaui
466 2888 603 2967 prologus
631 2897 661 2946 et
686 2886 891 2967 prolegomena
918 2885 1136 2967 praecidantur3
1166 2889 1227 2946 eius

197 2992 267 3032 vero
287 2984 394 3033 textum
418 2991 500 3032 nemo
524 2982 631 3032 textum
654 2973 786 3051 vulgatae
811 2971 944 3032 editionis
966 2991 1030 3032 esse
1049 2973 1203 3032 existimet

1309 3263 1310 3306 t

593 3115 749 3160 REGULA
783 3111 825 3160 lV.

143 3205 184 3249 ato
283 3197 372 3270 Quum
391 3197 587 3276 experimento
606 3197 783 3256 manifestum
800 3197 848 3267 sit,
867 3197 892 3254 si
909 3215 993 3256 sacra
1009 3196 1098 3256 biblia
1112 3197 1223 3274 vulgari

196 3283 293 3361 lingua
314 3282 417 3362 passim
440 3281 502 3340 sine
525 3281 688 3341 discrimine
711 3283 923 3361 permittantur,
947 3283 1009 3362 plus
1027 3282 1094 3342 inde
1113 3281 1151 3340 ob
1171 3282 1225 3341 bo-

195 3369 299 3426 minum
326 3368 517 3430 temeritatem
545 3366 709 3428 detrimenti
737 3387 818 3446 quam
845 3369 976 3427 utilitatis
1003 3369 1087 3439 oriri,
1115 3368 1171 3428 bac
1195 3369 1223 3426 in

194 3462 278 3530 parte
296 3449 404 3511 iudicio
424 3452 553 3531 episcopi
571 3463 621 3511 aut
643 3454 818 3531 inquisitoris
836 3463 941 3525 stetur,
959 3463 996 3512 ut
1015 3473 1079 3513 cum
1098 3452 1222 3512 consilio

193 3535 314 3615 parocbi
336 3537 382 3596 vel
405 3537 575 3597 confessarii
592 3537 743 3598 bibliorum
761 3559 778 3598 a
798 3540 947 3599 catholicis
971 3538 1137 3599 auctoribus
1154 3556 1222 3598 ver-

193 3639 289 3678 sorum
308 3619 461 3680 lectionem
480 3623 508 3681 in
526 3623 637 3700 vulgari
656 3624 753 3703 lingua
771 3625 813 3684 eis
831 3623 995 3685 concedere
1009 3625 1129 3704 possint,
1149 3643 1221 3703 quos

191 3703 388 3764 intellexerint
401 3725 439 3766 ex
451 3705 611 3768 huiusmodi
625 3709 749 3770 lectione
764 3730 820 3769 non
836 3709 974 3783 damnum,
994 3709 1046 3769 sed
1055 3708 1123 3769 fidei
1133 3719 1221 3790 atque

191 3790 307 3866 pietatis
325 3800 505 3870 augmentum
525 3813 630 3872 capere
648 3815 748 3875 posse;
772 3815 853 3875 quam
871 3796 1036 3856 facultatem
1054 3797 1083 3854 in
1101 3795 1220 3874 scriptia

191 3873 324 3936 babeant.
353 3876 406 3948 Qui
425 3885 519 3936 antem
537 3879 644 3958 absque
662 3881 713 3940 tali
727 3882 863 3942 facultate
878 3903 913 3943 ea
927 3884 1026 3962 legere
1042 3901 1093 3941 seu
1106 3879 1218 3942 babere
