2654 4334
160 289 163 294 ’
218 309 301 368 roa
419 299 689 362 sussroxxv.
725 299 1058 358 contutususs.

69 431 89 478 ·.
166 423 320 511 aoo'sedulo
338 456 481 526 praestet,
501 463 557 525 quo
576 419 797 506 cuitus-divinus
815 441 919 503 devote
936 443 1086 512 exerceri,
1109 451 1143 504 et
1160 461 1236 520 prae·

220 533 270 592 lati
295 532 442 610 ceterique
467 531 566 591 clerici
595 532 625 590 iu
647 528 810 599 resideatiis
833 537 865 588 et
887 527 987 588 officiis
1014 529 1073 589 suis
1095 527 1189 607 quieti
1215 537 1245 586 et

217 619 279 678 siue
298 616 507 697 impedimentis
531 635 594 675 cum
617 615 711 676 iructu
734 624 765 675 et
787 611 988 674 aedificatione
1009 613 1108 693 populi
1131 632 1244 694 perma-

217 722 287 765 uerc
305 703 429 763 valeant.

242 842 270 892 G.
288 839 360 888 XXI.
398 840 433 886 Iu
450 841 568 886 omnibus
580 838 658 886 salva
675 837 743 885 redte
761 837 921 899 apostolicae
937 837 1086 885 auctorem
1104 843 1221 884 manat.

302 923 451 983 Postremo
471 933 571 983 saneta
592 920 733 1001 synodus,
753 922 847 980 omnia
864 931 895 980 et
913 921 1037 999 singula,
1057 919 1109 980 suls
1129 921 1244 1000 quibus·

218 1027 330 1090 cunque
353 1008 488 1068 clausulis
511 1018 542 1067 et
562 1007 674 1080 verbis²
692 1023 764 1086 quae
783 1005 819 1066 de
837 1025 947 1066 morum
970 1006 1181 1066 reformatione
1204 1016 1245 1064 at·

197 1113 271 1176 -que
295 1094 495 1154 ecclesiastica
517 1091 668 1170 disciplina
694 1102 751 1151 tam
779 1091 830 1152 suls
857 1091 906 1151 fel.
936 1111 996 1151 reo.
1020 1089 1108 1151 Paulo
1125 1091 1180 1151 lll.
1212 1110 1244 1150 ac

215 1178 288 1240 lulio
303 1177 374 1251 lll.‚
403 1197 485 1258 quam
508 1177 559 1240 sub
577 1177 742 1238 beatissimo
765 1175 817 1236 Pio
832 1174 882 1236 tv.
905 1176 1092 1236 Pontilicilrus
1114 1177 1245 1236 maximis

214 1264 245 1324 iu
263 1264 320 1324 lroe
338 1283 422 1324 sacro
442 1264 566 1323 concilio
585 1272 691 1322 statuta
708 1272 783 1335 sunt,
802 1260 932 1321 declarat
948 1264 989 1322 ita
1006 1261 1129 1322 decreta
1148 1263 1243 1333 fuisse,

128 1376 141 1392 „
214 1359 247 1408 ut
269 1349 298 1407 in
320 1349 365 1408 his
386 1350 465 1408 salva
487 1367 601 1429 semper
622 1350 780 1432 auctoritas
803 1345 880 1407 sodis
903 1348 1119 1427 apostolicae¹)
1146 1359 1179 1408 et
1200 1349 1244 1418 sit,

215 1443 246 1493 et
264 1452 329 1493 esse
348 1433 535 1512 intelligatur.

122 1563 124 1568 ’
213 1590 393 1642 numerum
410 1593 456 1640 uu
472 1591 703 1640 courmuanua
720 1590 872 1638 sussrouu
889 1593 923 1638 m
940 1592 1024 1638 urum
1038 1591 1242 1648 asomum.

131 1702 135 1711 “
164 1709 200 1752 aar
301 1691 390 1764 Quum
418 1710 454 1750 ea
481 1693 585 1764 omnia,
613 1711 686 1770 quae
712 1692 741 1752 iu
768 1691 915 1771 praesenti
942 1691 1069 1750 sessione
1089 1689 1240 1751 tractanda

214 1785 311 1846 eraut,
339 1778 405 1856 quia
423 1778 495 1835 hora
513 1776 595 1836 tarda
614 1788 672 1849 est,
701 1776 850 1837 commode
879 1774 1009 1854 expediri
1036 1795 1093 1834 nou
1121 1778 1240 1856 possint,
1310 1817 1311 1824 κ

212 1872 369 1942 propterea
387 1863 466 1921 iuxta
484 1860 523 1934 id,
544 1861 618 1941 quod
637 1864 666 1921 in
685 1863 816 1942 generali
832 1863 1060 1940 congregatione
1078 1860 1241 1921 aPatriltus

213 1956 347 2005 statutum
365 1949 432 2018 luit,
460 1967 509 2019 ea,
538 1967 610 2027 quae
637 1958 802 2027 supersunt,
829 1949 858 2006 in
886 1945 960 2006 diem
988 1949 1143 2006 crastinam
1171 1947 1241 2006 hanc

212 2031 332 2092 eandem
356 2035 512 2092 sessionem
532 2032 725 2093 continuando
745 2032 922 2093 differuntur.

336 2336 762 2398 minutium
788 2333 1110 2394 sussum!

518 2436 591 2481 otu
612 2435 929 2482 tv.uuouuun1s

541 2547 675 2593 Decretum
694 2545 724 2591 de
741 2546 914 2608 indulgentiis.
937 2597 940 2604 Δ

297 2625 386 2701 Quum
400 2638 528 2707 potestas
543 2627 713 2688 conferendi
727 2628 919 2709 indulgentias
932 2649 949 2688 a
964 2629 1079 2689 Christo
1095 2628 1236 2690 ecciesiae

209 2730 351 2772 concessa
364 2714 415 2785 sit,
435 2723 520 2792 atque
534 2712 695 2774 huiusmodi
709 2726 854 2794 potestate
862 2716 892 2790 ²)
912 2713 1047 2776 divinitus
1065 2713 1121 2776 silai
1134 2714 1237 2777 tradita

208 2798 411 2878 antiquissimis
430 2801 516 2858 etiam
530 2800 706 2881 temporibus
721 2801 770 2860 illa
788 2821 839 2861 usa
853 2801 950 2873 inerit,
970 2811 1159 2862 sacromucta
1172 2819 1236 2881 syn·

209 2882 281 2944 odus
294 2883 534 2963 indulgentiarum
548 2905 638 2958 usum,
650 2885 813 2946 Christiano
828 2889 934 2967 populo
948 2888 1071 2948 mamone
1084 2888 1235 2948 salutarem
1308 2923 1309 2928 κ

209 2979 240 3031 et
257 2990 404 3031 sacrorum
419 2972 613 3033 conciliorum
626 2973 799 3033 auctoritate
809 2972 970 3053 probatum,
988 2975 1018 3032 in
1027 2974 1156 3033 ecelesia
1169 2973 1235 3032 reti-

208 3054 331 3116 uendum
349 3075 413 3116 esse
429 3055 516 3117 docet
525 3065 556 3118 et
568 3059 721 3138 praecipit,
737 3076 845 3138 eosque
860 3058 1043 3118 anathemate
1053 3056 1179 3131 damnat,
1191 3057 1235 3137 qui

207 3143 257 3200 aut
270 3141 385 3202 inutiles
403 3160 467 3202 esso
482 3153 627 3215 asserunt,
646 3145 692 3204 vel
711 3163 761 3204 eas
775 3142 956 3205 concedendi
970 3145 1000 3203 in
1014 3144 1139 3205 ecclesia
1155 3153 1234 3224 pote·

207 3235 310 3286 statem
334 3245 399 3287 esse
417 3238 532 3308 negant.
569 3229 603 3289 lu
621 3228 665 3288 his
683 3240 777 3290 tamen
797 3228 992 3290 concedendis
1010 3228 1233 3289 moderationem

206 3310 285 3371 iuxta
302 3323 431 3374 veterem
449 3323 480 3373 et
496 3313 648 3395 probatam
665 3317 695 3373 in
713 3316 840 3375 ecclesia
855 3313 1090 3376 consuetudinem
1104 3313 1233 3375 adhiberi

207 3401 300 3476 cupit,
327 3419 364 3460 ua
391 3399 478 3458 nimia
505 3399 645 3461 facilitate
673 3400 874 3462 ecclesiastica
897 3399 1051 3482 disciplina
1072 3410 1231 3462 enervetur.

204 3480 320 3541 Abusus
344 3485 473 3560 verni),
498 3485 545 3564 qui
567 3485 597 3544 in
615 3485 659 3545 his
676 3487 870 3568 irrepserunt,
894 3495 925 3547 et
942 3506 1060 3568 quorum
1080 3487 1231 3548 occasione

205 3565 317 3644 insigne
336 3567 392 3629 hoc
412 3569 651 3648 indulgentiarum
670 3591 774 3634 nomeu
792 3573 829 3633 ab
843 3571 999 3634 haereticis
1013 3571 1231 3653 blasphematur,

206 3649 375 3712 emendatos
393 3663 423 3712 et
441 3665 592 3715 correctos
611 3659 739 3736 cupiens,
757 3659 905 3740 praesenti
919 3657 1231 3738 decreto'gencraliter

206 3737 319 3808 statuit,
346 3757 449 3818 pravos
477 3751 611 3819 quaestus
638 3762 737 3804 omnes
763 3764 816 3825 pro
839 3746 884 3806 his
907 3743 1131 3826 consequendis,
1158 3738 1229 3803 unde

206 3864 416 3876 m—-o—-u

256 3915 334 3961 Sors.
349 3915 432 3962 XXV.
460 3924 480 3972 1)
495 3921 668 3969 casmvtl.
682 3924 927 3984 derei.luprluc.·-
950 3921 1227 3986 aestuandum

203 3965 414 4013 locustu-
439 3972 463 4023 8)
477 3970 551 4018 elan
565 3986 587 4019 c.
600 3976 661 4020 Mo
670 3989 740 4034 poen.
749 3980 775 4021 ct
784 3980 875 4025 remiss.
886 3979 914 4024 V.
923 3982 944 4026 t.
