2648 4336
194 230 277 308 'aas
489 213 921 322 naumannrrsao'ns

405 377 453 440 De
476 378 634 439 iectione
656 398 779 440 sacrae
802 367 1012 459 scripturae.

396 523 398 532 '
466 517 512 564 Ex
526 523 592 565 nato
606 517 633 564 im
642 515 701 578 fine
718 518 785 566 deor.
802 519 833 564 de
847 521 947 580 gratia.

287 617 404 680 LXVII.
429 618 568 678 Doctrina
590 601 744 698 perhibens
762 640 779 680 a
798 621 923 680 lectione
940 638 1087 679 sacrarum
1105 621 1230 698 scriptu-

202 727 297 768 rarum
316 705 428 764 nonuisi
446 724 542 764 veram
561 706 756 785 impotentiam
780 725 933 777 excusare,
956 705 1131 784 subiungens
1153 704 1232 764 ultro

202 809 234 852 se
261 790 386 872 prodere
416 791 659 864 obscurationem,
693 811 765 872 quae
793 811 830 852 ex
861 791 977 852 huiusce
1003 791 1155 871 praecepti
1181 809 1233 850 ne-

203 879 301 956 glectu
329 886 464 944 ortaest
491 895 577 956 super
602 879 751 956 primarias
777 878 912 938 ueritates
938 878 1102 957 religionis:
1130 876 1235 949 Fatua,

186 1027 187 1030 Ἴ
205 965 375 1035 temeraria,
396 963 502 1040 quietis
517 964 678 1046 catinarum
690 963 906 1041 perturbativa,
923 965 1000 1023 alias
1013 966 1044 1023 in
1061 963 1234 1041 Quesnellio

99 1079 102 1086 =
205 1048 354 1108 damnata.

222 1169 269 1228 Do
292 1167 505 1248 proscriptis
526 1168 628 1256 libris
647 1169 680 1227 in
699 1170 859 1228 ecelesia
881 1168 1021 1249 publice
1046 1165 1221 1246 legendis.

600 1306 728 1358 Deerat.
747 1302 772 1372 §.
791 1309 831 1354 29.

293 1423 374 1484 LXV
375 1423 426 1486 111.
445 1423 601 1497 Laudatio,
625 1447 680 1506 qua
701 1446 881 1506 summopere
903 1426 1030 1506 synodus
1053 1421 1239 1486 commendat

209 1511 365 1585 Quesnellii
385 1510 639 1570 commentationes
656 1513 685 1570 in
708 1532 810 1572 novum
833 1523 1045 1582 testamentum,
1068 1511 1183 1589 aliaque
1207 1528 1239 1568 a·

118 1644 122 1650 .
209 1599 311 1656 tiorum
339 1595 547 1670 Quosnellianis
574 1597 720 1656 erroribus
746 1599 901 1658 faventium
932 1617 1035 1677 opera,
1068 1597 1138 1654 lieet
1168 1614 1239 1672 pro·

150 1703 197 1751 ,sss
210 1683 332 1760 scripta,
357 1679 513 1761 eademque
536 1677 671 1761 parochis
694 1685 841 1762 proponit,
865 1695 898 1742 ut
923 1703 958 1744 ea
981 1695 1115 1762 tanquam
1136 1679 1239 1740 solidis

209 1766 360 1844 religionis
385 1767 533 1847 principiis
555 1768 667 1828 referta
689 1769 719 1828 in
741 1770 799 1826 suis
822 1769 938 1847 quisque
961 1767 1107 1850 parochiis
1130 1765 1239 1846 populo

99 1927 115 1940 .
209 1862 276 1932 post
289 1852 414 1934 reliquas
427 1853 589 1914 functiones
607 1854 766 1936 perlegant·
785 1855 884 1926 Falsa,
903 1856 1096 1925 scandaloso,
1112 1862 1240 1911 temera·
1260 1913 1268 1922 ,

211 1941 269 2011 ria,
284 1939 435 2010 seditiosa,
452 1939 595 1999 ecciesiae
610 1941 764 2011 iniart'oso,
779 1937 1023 2018 schismasooens
1040 1948 1072 1998 ct
1087 1939 1239 1998 haeresin.

516 2090 563 2151 De
582 2093 694 2151 sacris
712 2094 933 2172 imaginibus.

610 2247 734 2295 Deerat.
753 2243 779 2312 §.
800 2249 840 2295 1⁷.

298 2347 401 2409 LXIX.
421 2346 625 2428 Praescriptio,
645 2369 717 2427 quae
737 2350 913 2428 generaliter
931 2359 961 2410 et
978 2347 1145 2408 indistincte
1166 2350 1241 2408 inter

213 2434 353 2513 imagines
370 2433 406 2492 ab
426 2433 552 2492 ecclesia
575 2433 761 2504 auferendas,
784 2437 864 2495 volnt
885 2433 1001 2495 rudibus
1025 2435 1136 2494 erroris
1155 2453 1241 2494 occa-

214 2521 322 2578 sionem
355 2516 541 2596 praebentes,
575 2527 655 2576 notat
682 2520 820 2596 imagines
846 2520 994 2580 Trinitatis
1020 2519 1241 2600 incompreben-

213 2603 318 2664 sibiiis:
350 2605 478 2679 Propter
502 2605 553 2661 sui
577 2606 807 2681 generalitatem
840 2611 1014 2678 temerario,
1047 2625 1084 2665 ao
1105 2607 1160 2686 pio
1186 2624 1242 2690 per

215 2689 368 2748 ecclesiam
380 2683 580 2766 frequentato
603 2692 683 2748 mori
702 2693 870 2763 contraria,
894 2695 980 2770 quusi
1000 2692 1102 2751 nullae
1126 2699 1243 2750 exstent

213 2773 360 2851 imagines
376 2776 579 2834 serenissimae
602 2776 759 2836 Trinitatis
776 2780 967 2836 communiter
984 2775 1188 2858 approbatae,
1208 2794 1241 2834 uo

82 2857 88 2868 “
112 2861 115 2866 ”
214 2869 276 2919 tuto
301 2861 528 2937 permittendae.
562 2859 619 2936 (Ex
641 2859 721 2921 brevi
740 2863 945 2923 Sollicitudini
959 2873 1095 2934 nostrae,
1119 2859 1241 2921 Benedi-

214 2947 253 3006 cti
272 2943 350 3022 XIV.
370 2963 415 3003 an.
437 2948 542 3021 1745.)
1133 2973 1139 2983 ¹
1241 2993 1244 3002 Δ

300 3029 389 3090 LXX.
410 3029 480 3088 Item
495 3029 627 3090 doctrina
642 3042 673 3098 et
684 3035 886 3112 praescriptio,
905 3025 1064 3110 generatim
1083 3032 1241 3112 reprobans

118 3147 121 3152 ·
215 3133 326 3174 omnem
340 3116 494 3194 specialem
511 3117 625 3188 cultum,
646 3137 728 3197 quern
744 3119 830 3178 alicui
845 3119 994 3198 speciatim
1012 3118 1130 3196 imagini
1149 3119 1242 3176 solent

215 3199 316 3259 fideles
332 3198 508 3279 impendere,
525 3213 555 3260 et
568 3201 603 3262 acl
619 3204 708 3282 ipsam
723 3206 816 3283 potins
831 3223 912 3283 quam
928 3202 964 3262 ad
974 3204 1057 3265 aliam
1073 3204 1240 3282 confugere:
1310 3191 1311 3268 i

221 3288 403 3356 Temeraria,
421 3287 611 3363 perniciosa,
628 3292 679 3366 pio
694 3309 753 3366 per
771 3291 923 3349 ecclesium
934 3287 1135 3368 frequentato
1155 3290 1239 3357 mori,
1310 3271 1311 3342 i

223 3460 254 3516 in
274 3456 405 3515 omnibns
422 3460 569 3516 memoriis
585 3469 752 3519 sanctorum
772 3463 829 3518 ista
843 3460 923 3539 steri
937 3462 1042 3531 voluit,
1068 3463 1121 3546 qui
1141 3459 1244 3520 dentato

218 3542 349 3619 propria
365 3543 522 3620 unicnique
539 3554 634 3621 prout
653 3546 725 3604 anit.
770 3543 829 3620 (Ex
851 3543 880 3604 S.
904 3544 979 3625 Aug.
1007 3565 1052 3624 ep.
1076 3551 1127 3609 78.
1150 3544 1240 3612 Ciero,

224 3626 385 3684 semoribus
402 3635 433 3684 et
450 3629 599 3688 universae
617 3631 693 3708 plebi
713 3632 856 3690 ecelesiae
876 3631 1052 3711 Hipponem.)

309 3707 416 3769 mu
433 3711 517 3784 imm,
533 3732 606 3792 qnae
622 3726 714 3788 vetat,
735 3730 770 3775 ue
788 3717 926 3795 imagines
945 3717 1113 3796 praesertim
1127 3715 1160 3776 B.
1179 3712 1242 3773 Vir-

218 3795 294 3871 ginis
311 3795 375 3852 uliis
397 3795 486 3854 titulis
504 3797 722 3876 distinguantur,
741 3812 940 3882 praeterquam
957 3800 1239 3868 denominationibus,

217 3895 292 3956 qnae
310 3880 367 3936 sint
393 3879 533 3957 analogae
561 3887 717 3961 mysteriis,
746 3886 782 3946 de
811 3889 910 3966 quibus
938 3890 966 3948 in
993 3907 1075 3948 sacra
1103 3889 1240 3967 scriptura
