2654 4334
282 310 286 318 r
376 261 380 266 ·
442 231 855 342 uns'nnnuuunrr„
1060 267 1190 336 κί’

108 429 111 436 ·
202 411 274 502 Quia
295 421 370 472 teste
392 413 515 472 veritate
539 423 596 472 ete.
643 411 825 492 Quapropter
854 413 952 476 dehita
977 435 1031 496 per
1056 417 1136 498 prins

107 497 243 577 plenaria
256 497 458 558 informatione
477 496 514 557 de
532 498 705 577 praemissis,
724 509 755 558 et
771 497 903 577 diligenti
920 499 1130 564 deliberatione
1141 523 1183 565 sss

110 581 416 643 reverendissimorum
434 583 465 641 in
481 581 598 643 Christo
617 581 731 642 rernm
751 581 928 646 dominorum
947 606 971 646 s.
987 585 1134 648 Ronanus

107 668 258 728 eeclesiae
279 665 481 740 cardinalium,
504 668 741 748 patriarcharum,
760 669 1053 752 archiepiscoporum,
1071 673 1134 753 epi·

109 771 266 833 scaporum
280 762 311 811 et
325 763 488 813 ceterorum
502 754 706 834 praelatorum,
726 764 757 814 et
768 753 921 815 doctorum
935 775 1036 818 sarrae
1050 760 1131 838 pagi-

109 857 167 902 uac
181 847 213 900 et
225 840 295 899 iuris
308 840 455 920 utriusque
469 841 498 898 in
513 837 693 898 multitudine
707 841 836 920 copiose,
855 841 928 903 haec
947 851 1132 904 sacrosancta

111 924 339 984 constantiensis
371 921 495 1004 synodus
528 922 659 984 declarat
690 935 721 986 et
751 923 865 998 dillinit,
892 928 1031 988 articulos
1058 930 1133 988 inira

110 1011 247 1090 scriptos,
267 1011 313 1092 qui
336 1010 434 1071 hahita
452 1011 607 1070 collatione
630 1029 684 1090 per
706 1011 803 1090 plures
821 1014 974 1091 mgistros
996 1015 1025 1072 in
1048 1031 1133 1073 sacra

104 1093 219 1177 'pagina
239 1097 349 1175 reperti
372 1097 487 1156 inerunt
510 1097 652 1156 contineri
678 1097 788 1157 ineius
813 1097 903 1170 libris,
931 1109 962 1159 et
988 1100 1132 1179 opusculis

102 1201 193 1241 ¹mann
208 1183 326 1260 proptia
340 1183 464 1261 seriptis,
483 1193 513 1242 et
527 1201 597 1262 qnos
616 1183 702 1242 etiarn
720 1180 796 1242 idern
815 1182 937 1244 loannes
954 1183 1014 1244 llus
1032 1186 1061 1243 in
1080 1205 1132 1263 pu·
1252 1183 1255 1190 ’

107 1267 186 1327 inlice
200 1265 346 1326 audientia
359 1287 457 1327 coram
471 1266 602 1327 Patribus
617 1277 647 1326 et
664 1268 801 1347 praelatis
818 1267 900 1328 huius
919 1270 996 1330 steri
1014 1270 1132 1330 concilii

110 1353 261 1412 confessus
284 1353 387 1412 initio
410 1355 470 1413 suris
491 1353 571 1412 libris
594 1363 624 1412 et
647 1354 791 1434 opusculis
809 1355 966 1426 contineri,
989 1373 1047 1414 non
1066 1373 1131 1414 esse

109 1437 271 1498 catholicos
289 1456 343 1498 nee
362 1449 494 1519 tanquam
511 1438 585 1498 tales
604 1451 669 1498 esse
693 1437 941 1518 dogmatizandos,
963 1437 1016 1500 sed
1034 1459 1072 1500 ex
1090 1441 1133 1500 eis

107 1523 207 1604 plnres
222 1543 288 1585 esse
300 1541 448 1597 erroneos,
467 1525 540 1584 alios
553 1521 747 1596 scandalum,
767 1525 877 1604 aliquos
895 1527 1004 1604 piarum
1022 1526 1132 1584 aurion

110 1609 273 1681 offensivos,
285 1607 436 1690 pluresque
447 1629 545 1670 aarum
555 1627 619 1670 esse
628 1611 799 1670 temerarios
808 1620 838 1669 et
847 1608 1011 1682 seditiosos,
1022 1619 1052 1668 et
1060 1629 1132 1669 non·

98 1695 203 1753 'nullos
217 1694 371 1756 eorundem
386 1713 450 1756 esse
465 1696 578 1756 notorie
592 1695 765 1765 haereticos,
780 1705 811 1754 et
822 1696 878 1754 iarn
892 1693 995 1754 dndnrn
1010 1714 1026 1754 a
1040 1695 1131 1755 sacris

100 1779 251 1851 'Patr-iius,
270 1791 302 1840 st
319 1781 501 1860 generalibus
520 1780 651 1844 conciliis
669 1779 841 1860 reprobatos
859 1790 889 1840 et
907 1779 1078 1840 damnatos.
1095 1822 1129 1840 ..

196 1863 254 1925 Sed
278 1884 361 1945 quum
380 1867 555 1946 infrascripti
574 1866 688 1924 amicali
711 1883 847 1944 expresse
877 1866 1078 1926 contineantur
1099 1867 1129 1925 in

107 1949 189 2009 libris
204 1969 255 2010 sen
269 1952 438 2012 tractatibus
456 1953 524 2022 suis,
541 1949 679 2010 videlieet
695 1951 723 2009 in
742 1951 827 2022 libro,
847 1967 931 2030 quen
948 1952 1073 2011 intitulat
1091 1949 1128 2010 de

107 2035 246 2108 ecelesia,
265 2045 295 2096 et
309 2037 372 2096 aliis
386 2039 443 2097 suis
457 2031 610 2116 opusculis,
629 2034 695 2095 ideo
711 2036 800 2096 libros
813 2033 991 2116 quatietur,
1009 2045 1039 2095 et
1056 2034 1127 2095 doc-

105 2121 225 2194 trinam,
249 2131 279 2182 et
296 2123 423 2201 singulos
446 2113 518 2182 alios
540 2131 694 2194 tractatus,
718 2132 749 2182 et
767 2121 903 2201 opuscula
920 2123 949 2180 in
968 2121 1058 2180 lat'nse
1076 2139 1126 2181 see

105 2207 219 2286 vulgari
238 2205 390 2268 bohemico
410 2206 464 2289 per
482 2210 572 2288 ipsum
591 2206 685 2267 editos
701 2206 838 2268 ...laec
854 2217 1041 2268 saernsanetn
1058 2225 1127 2286 syr·

98 2291 179 2368 'ndns
194 2293 340 2373 reprobat,
356 2305 441 2374 atque
458 2292 638 2364 condemnat,
653 2293 731 2372 ipsos
742 2291 955 2353 'conluendos
968 2292 1082 2371 publice
1097 2302 1128 2352 et

105 2379 267 2438 solenniter
289 2379 318 2438 in
340 2377 502 2460 praesentia
526 2371 598 2439 cieri
615 2389 647 2438 et
663 2379 762 2461 populi
779 2379 809 2438 in
827 2380 943 2438 civitate
963 2376 1127 2437 Constanti-

105 2465 169 2523 ensi
183 2473 214 2523 et
227 2461 295 2525 alibi
315 2463 446 2524 decernit
464 2474 494 2525 et
511 2462 615 2525 diffinit
625 2505 632 2523 .
644 2505 651 2523 .
664 2481 800 2544 prorsus
815 2463 906 2536 ‘iubet
924 2482 978 2543 per
996 2464 1126 2523 iseornnr

106 2547 272 2609 ordinarios
301 2560 441 2610 tractatus
472 2561 503 2610 et
533 2547 861 2629 opuseula'hniusmodi
892 2567 946 2628 per
977 2555 1126 2610 censuram

107 2635 348 2716 eeclesiasticam,
368 2636 507 2709 etiarn,si
530 2653 600 2714 opus
623 2634 724 2706 inerit,
749 2655 812 2696 enon
829 2634 994 2696 adiectione
1012 2653 1125 2715 poenae

103 2727 136 2779 et
152 2721 296 2780 lantoniae
319 2722 457 2794 haeresis,
485 2719 641 2798 diligenter
664 2720 778 2800 inquiri,
802 2731 832 2781 et
854 2732 987 2801 repertos
1009 2720 1125 2800 publice

93 2805 218 2884 'ignibus
237 2810 434 2868 concremari:

192 2889 272 2951 Visis
285 2893 401 2974 insuper
415 2892 497 2964 sctis,
517 2901 547 2952 ct
559 2890 685 2952 actitatis
700 2891 729 2948 in
740 2909 827 2949 causa
842 2891 1031 2968 inquisitionis
1044 2887 1082 2948 de
1097 2899 1128 2949 et

93 2973 1125 3145 -ittiltitzlitltilttitttlltlinitiiilis

990 3100 997 3130 i

103 3144 240 3208 loannem
255 3146 314 3208 ilus
332 3151 419 3211 inisse
430 3161 460 3210 et
474 3167 644 3209 essenorum
659 3157 690 3208 et
702 3147 879 3207 manifestum
894 3145 1070 3207 haereticum

153 3243 341 3302 ARTICUM
361 3249 545 3302 nuntium
562 3251 726 3300 lOANNlS
747 3249 835 3310 ΗΠΒ,
858 3247 908 3296 DE
927 3249 1068 3304 stultius
1133 3265 1175 3310 m

316 3341 318 3346 ¹
413 3320 535 3368 SUPBA
553 3320 616 3368 Fl'l'
641 3319 804 3367 ΜΕΝΉΟ.

90 3415 94 3422 ’
189 3399 280 3466 Unica
303 3414 348 3466 est
369 3413 469 3465 sancta
487 3405 655 3465 universalis
674 3402 813 3475 ecclesia,
839 3421 910 3482 qnae
933 3413 978 3462 est
999 3400 1122 3481 praede·

103 3490 275 3550 stinatornrn
301 3492 482 3554 universitas.
532 3496 561 3555 2.
589 3489 692 3551 Paulus
718 3507 859 3568 nunquan
886 3489 940 3547 init
966 3486 1123 3548 menbrum

91 3572 226 3648 'diaboli
248 3575 319 3637 lieet
342 3577 448 3638 iecerit
466 3575 602 3657 quosdam
620 3569 703 3636 ae'tus
720 3575 832 3634 astibus
854 3574 997 3634 ecelesiae
1020 3575 1123 3652 nelig-

91 3661 228 3732 nanunn
251 3662 425 3723 consimiles.
471 3667 500 3726 3.
520 3659 660 3722 Praesciti
682 3681 740 3720 non
762 3669 826 3721 sont
846 3669 944 3740 pertas
966 3660 1121 3732 eeclesiae,

100 3765 187 3825 qunrn
209 3748 287 3808 nulla
305 3768 373 3829 pars
392 3751 453 3810 eins
476 3748 605 3808 iinaliter
627 3741 743 3810 excidet
760 3745 796 3806 ab
815 3763 864 3818 ea,
888 3765 923 3806 eo
942 3743 1019 3827 qnod
1035 3765 1122 3826 prae·
1201 3771 1210 3780 “

99 3829 299 3916 destinationis
316 3836 432 3907 caritas,
452 3853 523 3914 quae
539 3836 627 3913 ipsam
646 3833 726 3912 ligat,
746 3850 803 3890 non
820 3830 945 3892 excidet.
990 3839 1020 3894 l.
1039 3830 1120 3890 Duae

89 3917 381 4002 ·natnrae,dirinitas
396 3917 613 3994 ,et-tonarius,
632 3927 697 3980 snut
708 3933 780 3978 nunt
799 3916 938 3980 Christus.
983 3920 1013 3982 t.
1031 3915 1120 3976 Prae·
