2654 4330
195 299 256 357 00
377 288 542 348 sessio
564 289 638 344 xiv.
677 288 739 344 DE
764 287 1036 342 aaronitas.

195 425 355 516 corripiunt
368 435 416 510 iii
467 429 626 492 hionebunt
651 440 806 511 propterea
835 431 964 511 episcopi
991 449 1057 491 snos
1085 428 1219 502 ciericos,

194 526 223 582 in
242 537 412 602 quocunque
431 517 532 578 ordine
551 519 658 578 inerim
671 519 714 593 ²),
734 527 766 576 ut
783 517 1019 588 conversatione,
1038 535 1174 579 sermone
1190 527 1222 577 ct

193 608 315 668 scientia
339 606 489 666 commisso
512 604 567 664 sihi
590 603 645 664 Dei
667 605 773 684 populo
799 613 952 684 praeeant,
979 621 1122 673 moneres
1149 603 1219 675 cios,

193 693 268 773 quod
287 695 423 772 scriptum
442 701 487 750 cst
500 692 544 765 ³):
567 692 676 750 Sancti
690 698 797 762 estote,
817 693 887 768 poio
900 699 933 750 ct
945 709 1000 768 ego
1014 697 1136 749 scachis
1148 709 1219 770 som.

192 779 230 838 Et
252 781 330 838 iuxta
352 777 487 857 Apostoli
509 795 611 842 vocem
638 773 743 834 nemini
757 776 786 849 ⁴)
811 773 880 835 dent
905 775 991 834 uliam
1019 773 1220 847 offensionem,

191 876 223 924 ut
241 884 299 924 uon
315 865 495 942 vituperetur
512 862 699 920 ministerium
717 879 831 933 eorum3
859 859 912 919 sed
934 862 965 918 iu
986 860 1116 922 omnihus
1139 861 1221 920 exhi·

191 951 280 1010 heaut
302 967 333 1008 se
356 950 431 1008 sicut
453 948 598 1008 ministros
616 947 685 1018 Dei,
713 965 750 1005 ne
772 945 842 1006 iilud
860 945 1023 1025 Prophetae
1043 944 1150 1009 dictum
1169 947 1222 1006 iur-

191 1037 305 1117 plcatur
332 1035 361 1092 in
388 1035 431 1093 eis
444 1037 488 1108 ηε
534 1033 713 1092 Sacerdotes
733 1033 794 1092 liei
818 1034 1024 1093 contaminant
1043 1041 1163 1104 sancto,
1192 1042 1226 1092 et

138 1115 142 1121 ’
191 1120 359 1200 reprobem
374 1121 476 1198 legem.
518 1117 557 1177 Ut
573 1129 669 1178 auwm
687 1118 741 1196 ipsi
759 1118 890 1197 episcopi
906 1115 936 1176 id
954 1117 1072 1178 iihcrius
1090 1119 1222 1197 cunoni,

191 1226 226 1266 ac
246 1224 386 1286 quoquam
405 1214 556 1284 praetextu
575 1202 699 1282 desuper
717 1201 850 1280 impediri
868 1214 1025 1282 nequeant,
1054 1202 1156 1265 eadem
1175 1223 1223 1264 sa·

192 1303 345 1352 cresancta
364 1291 552 1350 oecumenica
569 1299 601 1348 ct
618 1288 765 1366 generalis
780 1287 948 1348 Tridentino
966 1287 1108 1367 synodus,
1135 1308 1225 1368 prae·

192 1376 349 1437 sidentibus
373 1379 401 1435 iu
425 1395 459 1436 ee
483 1374 591 1436 eisdem
614 1373 893 1453 apostolicaesedis
917 1375 1013 1452 legato
1042 1385 1072 1435 et
1098 1376 1222 1447 nunciis,

140 1474 178 1517 tao
191 1464 259 1535 hos,
279 1464 325 1542 qui
344 1471 513 1541 sequuntur,
534 1478 661 1520 canones
677 1458 845 1519 statuendos
862 1471 893 1520 et
910 1459 1111 1522 decernendos
1129 1459 1222 1524 duxit.

192 1621 219 1668 G.
238 1622 256 1668 1.
292 1619 322 1666 st
335 1617 464 1678 prohibiti
480 1615 619 1664 accendere
637 1615 674 1663 ad
690 1615 793 1664 ordines
810 1617 966 1678 ascendant,
991 1618 1016 1664 oi
1032 1603 1178 1681 interdicti,
1199 1619 1225 1665 si

555 1687 684 1746 suspensi,
700 1685 854 1746 puniantur.

277 1788 369 1860 Quum
385 1788 532 1849 honestius
550 1807 585 1846 ao
604 1787 697 1847 tutius
714 1789 751 1846 sit
773 1788 919 1858 subiecto,
948 1785 1072 1849 debitam
1096 1777 1222 1867 praepo-

191 1876 253 1933 sitis
272 1873 465 1936 obedientiam
484 1871 674 1952 impendendo
693 1874 724 1932 in
741 1873 874 1933 inferiori
887 1873 1045 1932 ministerio
1059 1872 1220 1946 deservire,

191 1979 273 2039 quam
290 1980 352 2020 cum
367 1961 596 2040 praepositorum
616 1957 753 2026 seandalo
772 1958 909 2036 maduere
928 1959 1062 2018 altiorum
1080 1969 1220 2039 appetere

190 2045 375 2125 dignitatem,
395 2047 503 2122 sigoni
520 2063 657 2107 ascensus
675 2043 711 2106 ad
729 2063 829 2104 sacros
848 2041 964 2105 ordines
982 2064 1001 2104 a
1017 2064 1068 2104 suo
1086 2045 1222 2124 praelato

190 2151 228 2192 ex
241 2149 408 2210 quacunque
425 2151 520 2202 musa,
540 2132 626 2190 edam
641 2131 677 2190 eb
693 2130 836 2204 occuitum
852 2131 973 2200 crimen,
994 2130 1221 2209 quomodolibet,

190 2219 276 2277 etiam
296 2216 568 2286 exuaiudiciaiiter‚
588 2216 676 2275 fuerit
693 2215 877 2285 interdictus,
897 2227 948 2278 aut
964 2218 1047 2296 quia
1064 2219 1122 2279 suis
1142 2217 1222 2276 ordi·

190 2305 272 2364 nibus
287 2323 337 2364 seu
350 2300 498 2380 gradibus,
518 2301 563 2360 vei
578 2300 764 2379 dignitatibus
779 2303 985 2364 ecclesiasticis
998 2303 1087 2363 fuerit
1101 2323 1222 2382 suspen*

190 2409 251 2460 sus,
279 2390 355 2447 nulla
379 2399 481 2447 eontra
505 2388 591 2466 ipsius
610 2388 731 2466 praelati
750 2390 924 2448 voluntatem
944 2408 1084 2449 concessa
1103 2390 1222 2451 licentia

169 2475 226 2534 'de
254 2495 285 2532 se
313 2476 477 2552 promoveri
500 2472 648 2544 iaciendo,
677 2473 784 2533 autad
807 2477 920 2553 priores
943 2473 1074 2548 ordines,
1102 2475 1220 2554 gratim,

190 2559 345 2637 dignitates
364 2560 424 2617 sive
443 2559 731 2621 honores‘restitutio
750 2560 933 2639 suffragetur.

190 2701 217 2743 C.
235 2701 265 2745 11.
307 2697 336 2744 Si
357 2699 489 2758 episcopua
509 2711 673 2761 quoscunque
691 2697 792 2746 ordines
812 2699 954 2746 contulerit
970 2701 1019 2746 siti
1036 2714 1086 2745 non
1108 2701 1220 2752 subdito.

276 2767 353 2812 ctiam
365 2768 514 2832 foetidiori,
534 2771 589 2814 stne
607 2781 730 2832 expresso
744 2770 850 2828 proprii
862 2769 984 2828 praelati
1000 2781 1132 2832 consensa,

452 2843 561 2898 uterquc
574 2836 694 2884 decretae
705 2849 804 2896 poenae
817 2837 960 2886 subiaceat.

275 2918 313 2978 Et
347 2923 478 3000 quoniam
498 2923 624 2980 nonnulli
644 2921 773 2999 episcopi
792 2923 994 2993 ecclesiarum,
1009 2941 1086 3002 ‚quac
1105 2924 1135 2980 in
1154 2943 1222 3001 par·

189 3006 264 3065 tibus
278 3001 434 3066 infidelium
450 3009 617 3078 consistunt,
639 3008 718 3066 ciero
734 3017 866 3068 carentes
882 3019 912 3066 ct
925 3008 1030 3086 populo
1041 3007 1221 3078 Christiano,

190 3111 272 3172 mum
287 3093 349 3152 iere
363 3093 525 3172 vagabundi
540 3094 596 3152 siut
614 3103 644 3152 et
661 3104 874 3171 permanentem
887 3092 990 3154 sedem
1009 3113 1065 3153 non
1084 3093 1222 3167 habeant,

189 3197 247 3235 uou
275 3197 346 3257 quae
375 3179 440 3240 lesu
464 3179 584 3249 Christi,
622 3176 673 3238 sed
700 3179 809 3238 alienes
836 3201 904 3240 oves
918 3179 950 3252 it
976 3181 1067 3240 inscio
1098 3183 1220 3260 proprio

189 3274 306 3342 pastore
329 3276 516 3344 quaerentes,
546 3263 609 3322 dum
628 3265 773 3344 perhanc
792 3278 919 3325 sanctam
938 3265 1077 3345 synodum
1096 3285 1127 3326 se
1146 3287 1222 3344 pon-

189 3350 308 3409 tificalia
340 3351 432 3410 officie
464 3352 492 3408 iu
524 3351 642 3410 atterius
669 3350 812 3423 dioecesi,
849 3353 903 3412 uisi
930 3351 966 3412 de
993 3353 1052 3411 ioci
1079 3350 1222 3413 ordinarii

138 3450 326 3514 interpressa
351 3435 481 3507 licentia,
510 3446 540 3495 ct
562 3437 591 3494 in
613 3455 754 3515 personne
779 3437 872 3498 eidem
899 3437 1045 3498 ordinario
1074 3437 1222 3498 subiectas

190 3532 296 3581 tantum
321 3538 461 3581 exercere
484 3521 644 3601 prohibitos
667 3521 778 3594 vident,
807 3525 835 3583 iu
860 3525 933 3602 legis
950 3522 1080 3582 fraudem
1099 3533 1129 3582 et
1148 3543 1221 3583 cun·-

190 3616 325 3686 temptnm
344 3609 424 3684 quasi
443 3609 636 3688 episcopalem
652 3607 816 3669 cathedram
832 3612 860 3668 iu
876 3611 940 3670 ioco
956 3609 1058 3668 nuliius
1072 3607 1221 3670 dioecesis

349 3753 403 3762 ιο.-

190 3885 204 3916 t
222 3819 417 3916 rithmi
431 3826 634 3922 tritas
647 3828 776 3923 ,ar-ist·
786 3825 1001 3923 attica>
1016 3825 1219 3932 irretit·

190 3924 438 4022 δνιιῑθᾶῐοῖ-εῐὶζξῑὲοὸ,
447 3925 531 3974 XXil.
540 3931 573 3974 no.
585 3931 686 3988 Sophou.
697 3931 742 3975 111.
754 3935 772 3974 o
784 3955 809 3966 -
822 3934 842 3982 i)
854 3930 884 3974 oi.
895 3929 950 3974 inin.
961 3930 990 3974 de
999 3929 1044 3974 rei.
1055 3944 1076 3974 c.
1086 3934 1106 3975 8.
1116 3937 1142 3974 ot
1151 3930 1221 3976 Sese.
