2654 4334
226 183 307 281 auu
436 219 527 274 uuo.
545 216 692 272 escun
709 216 765 270 uu
784 214 864 270 ure.
884 217 1050 275 nnoutu.

228 362 416 441 impietaten,
433 357 634 418 divinationem
651 375 701 418 seu
719 359 950 437 superstitionem
964 369 1103 438 spectant,
1122 359 1240 421 onusto·

177 513 180 528 ¹
229 449 293 509 iieis
307 445 655 524 theologir'inquisitiunis
669 445 813 521 generalis
831 446 1003 504 auctoritate
1019 446 1168 524 expurgati
1180 461 1240 504 cou-

228 531 295 592 cedi
317 533 436 612 possint.
464 529 564 590 ‘ldum
587 528 721 589 iudicium
744 531 782 588 sit
803 528 840 589 de
861 529 1004 609 prologis,
1027 531 1181 590 summariis
1197 549 1239 590 scu

228 617 474 687 mutationibus,
503 634 575 694 quae
600 635 617 674 a
640 611 778 675 damnatis
805 615 984 687 auctoribus,
1013 616 1093 676 libris
1120 635 1173 676 nou
1199 613 1240 674 da·

229 704 345 774 innatis,
369 703 517 782 appositae
541 712 616 762 sunt.
664 698 723 760 Sed
746 701 866 781 posthac
889 716 947 761 nou
969 702 1023 760 nisi
1042 700 1182 762 emendati
1199 720 1241 760 ex·

230 788 379 848 cuduntur.

625 889 781 956 uuuuun
815 905 860 955 rx.

175 1013 218 1054 utu
316 991 396 1052 Libri
415 1011 513 1050 omues
532 1001 562 1050 et
579 993 687 1070 scripta
705 993 896 1069 geomantiae,
921 990 1147 1071 hydromantiae,
1170 1010 1242 1050 aero·

230 1079 368 1148 mantiae,
395 1077 607 1156 pyromantiac,
636 1079 876 1148 oneirornantiac,
906 1078 1126 1148 chiromantiae,
1152 1095 1244 1135 necro-

231 1164 364 1234 mantiae,
384 1162 444 1220 sive
459 1163 488 1222 in
503 1161 602 1240 quibus
620 1163 805 1222 continentur
822 1163 981 1240 sortilegia,
1000 1164 1150 1234 veneticis,
1168 1181 1244 1238 augu-

231 1251 284 1320 ria,
305 1247 441 1326 auspicia,
460 1247 670 1306 incantationes
688 1249 762 1306 artis
777 1249 922 1326 magicae,
946 1268 1063 1326 prorsus
1081 1249 1243 1308 reiiciuntur.

231 1334 369 1412 Episcopi
382 1352 452 1392 vcro
467 1331 623 1409 diligenter
640 1331 820 1411 provideant,
840 1353 876 1392 ne
895 1334 1072 1412 astrologiae
1091 1333 1244 1394 iudiciariae

232 1420 308 1490 libri,
328 1427 478 1489 tractatus,
496 1417 606 1476 indices
625 1419 757 1495 leguntur
774 1419 821 1478 vti
839 1418 1012 1494 habeantur,
1037 1422 1085 1498 qui
1105 1418 1245 1478 defuturis

231 1503 465 1582 contingentibus
484 1502 674 1574 successibus,
693 1504 854 1564 fortuitisve
873 1504 998 1576 casibus,
1016 1515 1067 1566 aut
1085 1507 1121 1564 iis
1137 1503 1245 1562 actiou-

231 1590 298 1661 bus,
322 1607 395 1668 quoe
413 1589 449 1647 ab
468 1588 590 1648 huruuua
610 1589 758 1648 voluntate
782 1587 921 1668 pendent,
950 1593 1024 1650 certi
1045 1587 1152 1669 aliquid
1173 1605 1245 1648 ereu-

233 1686 325 1733 turum
344 1673 484 1732 affirmare
503 1673 619 1734 audent.
670 1673 874 1734 Permittuntor
892 1685 987 1736 auteur
1005 1674 1114 1736 iudicia
1131 1685 1162 1734 et
1178 1683 1245 1730 nutu·

124 1833 127 1838 .
233 1761 310 1818 ruics
329 1759 559 1830 observationes,
584 1765 656 1838 quac
675 1761 879 1838 navigationis,
904 1762 1100 1837 agriculturae
1123 1762 1181 1819 sive
1198 1774 1245 1814 me-

235 1844 317 1904 dicae
336 1845 406 1903 artis
424 1845 563 1904 iuvandae
582 1846 676 1922 gratia
695 1847 859 1925 conscripta
877 1855 951 1904 sont.

634 2003 791 2053 RERUM
826 2000 861 2050 Χ.

179 2103 221 2144 atu
320 2085 353 2143 ln
372 2084 511 2144 tihrorun
527 2085 682 2144 aliarumve
699 2087 902 2165 scripturarum
922 2087 1112 2165 impressione
1133 2093 1245 2146 servetur

236 2169 310 2250 quod
331 2171 358 2228 iu
378 2171 502 2228 conuitio
522 2167 712 2230 Lateraneusi
729 2171 780 2229 sub
800 2170 899 2230 Leone
914 2169 950 2230 X.
967 2169 1045 2232 Sess-
1062 2177 1113 2236 tu.
1128 2177 1243 2232 stantun
1298 2213 1299 2226 .

235 2256 329 2331 est1).
375 2254 487 2327 Quare,
508 2256 532 2313 si
550 2257 579 2314 iu
597 2257 671 2315 uirua
688 2255 759 2314 utic
777 2255 868 2316 Rubra
886 2257 961 2316 iiber
983 2257 1083 2336 aliquis
1108 2259 1145 2318 sit
1166 2253 1245 2332 inpri-

234 2339 368 2411 rnendus,
391 2360 444 2419 per
465 2341 604 2399 airadum
626 2342 723 2400 sunnui
742 2340 890 2402 Pontiheis
909 2352 938 2402 ct
956 2343 1032 2402 sacri
1050 2342 1151 2422 palatii
1171 2339 1245 2414 nugi·

233 2438 338 2497 strum,
361 2427 408 2484 vet
430 2443 568 2503 personas
586 2446 605 2484 a
621 2427 801 2484 sanctissimo
825 2425 939 2487 donnino
962 2437 1061 2488 nostru
1085 2423 1244 2508 deputandas

235 2513 314 2590 prins
333 2510 520 2571 examinetur.
557 2509 589 2567 ln
608 2511 671 2570 aliis
689 2529 759 2568 vero
779 2511 851 2570 ineis
869 2511 906 2572 ad
928 2513 1095 2592 episcopum
1113 2513 1157 2573 vel
1173 2511 1244 2571 aliun

235 2595 389 2654 truentum
403 2595 552 2653 scientium
568 2594 687 2654 hirivei
698 2593 857 2674 scripturae
871 2598 1087 2676 imprimendae,
1106 2599 1142 2660 uh
1160 2593 1245 2658 codun

233 2681 376 2759 episcopo
390 2677 592 2759 deponendum,
611 2687 645 2740 ac
656 2683 853 2760 inquisitorum
862 2683 1029 2744 baereticae
1044 2681 1245 2763 pravitatisciut

236 2766 362 2841 civitutis
384 2766 428 2826 vei
453 2763 612 2844 dioecesis,
634 2767 663 2824 iu
686 2786 741 2845 qna
759 2769 907 2846 impressio
926 2769 990 2840 un,
1014 2771 1075 2830 eins
1092 2764 1244 2850 approbatit

237 2863 268 2911 et
277 2871 397 2912 examen
406 2853 560 2931 pertineat,
580 2863 609 2911 ct
622 2870 787 2931 percorum
803 2873 912 2913 manum
927 2856 1044 2934 propriu
1053 2852 1244 2933 abactiptiont

236 2939 327 3016 gratis
345 2947 376 2998 et
393 2939 454 2997 sinc
473 2936 611 2997 ditatione
630 2937 829 3016 imponendam
848 2940 898 2999 sub
917 2941 1018 3020 poeuis
1038 2951 1067 3000 ct
1086 2939 1206 3000 censuris
1223 2933 1244 2988 it

237 3022 340 3084 eodem
363 3022 483 3084 decretu
508 3024 650 3083 contentis
674 3021 862 3104 approbetur,
885 3026 939 3084 hac
962 3025 1027 3104 tege
1050 3037 1080 3085 ct
1099 3023 1244 3086 conditione

237 3105 349 3179 addita,
377 3119 409 3166 ut
431 3108 589 3188 exemplum
618 3105 682 3167 iibri
706 3108 883 3187 imprimendi
912 3111 1105 3172 authenticum
1129 3121 1158 3170 et
1177 3119 1244 3166 nant

237 3193 365 3252 auctoris
383 3193 582 3274 subscriptum,
602 3189 676 3272 apud
696 3196 917 3256 examinatorem
937 3208 1098 3270 remaneat;
1118 3215 1166 3256 eos
1179 3207 1243 3256 veru

183 3299 224 3340 stt
238 3279 286 3358 qui
304 3271 418 3338 libellos
436 3281 645 3358 manuscriptus
662 3279 788 3358 vulgant,
808 3282 862 3341 nisi
880 3291 945 3342 unte
965 3283 1119 3342 examinati
1135 3272 1243 3361 probuti-

238 3383 292 3443 quu
316 3365 436 3437 tuerint,
464 3363 564 3424 iisdem
591 3366 693 3443 poenis
720 3365 820 3426 subiici
844 3365 952 3427 debere
979 3367 1141 3428 iudicarunt
1161 3361 1242 3422 Patres

237 3449 375 3528 deputati,
396 3447 495 3530 quibus
513 3451 715 3528 impressorcs;
735 3462 765 3510 et
782 3454 829 3531 qui
848 3472 899 3512 eus
917 3453 1068 3513 habuerint
1086 3464 1115 3513 ct
1128 3446 1241 3528 tugcrinh

238 3535 292 3591 nisi
311 3544 445 3593 auctores
463 3533 652 3613 prodidcriut‚
672 3555 724 3615 pro
744 3537 909 3602 auctoribus
923 3537 1090 3598 habeantur.
1119 3533 1241 3616 ipsavcro

238 3617 397 3678 huiusmodi
416 3620 553 3678 librorum
571 3619 705 3700 probatio
720 3621 748 3680 in
763 3623 877 3703 seriptis
896 3623 988 3697 detur,
1004 3635 1033 3684 et
1047 3625 1076 3684 iu
1090 3623 1179 3683 fronte
1191 3607 1241 3674 iibri

239 3773 449 3792 ύ--ωὲυ--ι

292 3881 313 3938 t)
323 3881 353 3927 ei.
364 3879 418 3928 inin.
429 3883 493 3927 inter
502 3885 552 3928 doe.
565 3899 628 3932 conc.
640 3884 707 3931 Trici.
718 3888 857 3945 spectantia.
