2654 4330
230 248 305 308 11⁸
403 257 550 316 SESSlO
568 259 657 334 xxti,
675 259 730 314 DE
750 259 905 316 SAGRlF.
924 261 1084 319 briseta.

231 389 424 471 cuiuscunque
451 391 574 471 mdes,
602 403 692 452 statm
720 402 751 452 et
776 390 923 471 dignitatis
946 396 1076 472 personis
1094 397 1238 466 concessis,

231 488 282 537 aut
316 477 568 538 consuetudinibus
603 479 688 537 etiam
725 477 1006 542 inenarrabilibus.
1057 478 1240 559 indulgentias

229 581 302 622 vero
319 573 369 622 aut
385 563 457 623 alias
474 563 637 644 spirituales
654 563 773 641 gratias,
792 562 893 642 quibus
908 583 967 624 uon
984 563 1051 624 ideo
1062 563 1167 625 Christi
1180 564 1241 624 bde-

231 648 274 706 les
292 645 379 708 decet
396 650 517 727 privari,
541 647 678 727 deinceps
696 667 749 727 per
772 646 934 708 ordinarios
951 649 1093 721 locorum,
1118 649 1241 710 adhibitis

229 731 342 792 duobus
366 731 404 793 de
432 733 571 814 capitulo,
601 732 707 793 debitis
734 732 909 811 tenporibus
935 736 1040 813 populo
1067 734 1241 815 publicandas

230 836 296 878 esse
319 816 459 877 decernit.
514 818 621 892 Quibus
642 819 729 878 etiam
751 819 950 898 eleemosynas
971 831 1057 900 atque
1080 820 1175 880 oblata
1196 819 1242 880 sibi

232 903 362 962 caritatis
389 900 529 976 subsidia,
556 902 634 962 nulla
658 922 776 982 prorsus
804 902 938 964 mercede
964 915 1100 984 accepta,
1130 904 1242 965 lideliter

231 985 388 1065 colligendi
409 987 531 1049 facultas
555 987 652 1060 datur,
681 999 713 1047 ut
733 986 848 1049 taudem
871 990 1013 1050 coelestes
1034 990 1242 1051 bos-ecclesiae

230 1072 381 1132 tbesauros
400 1091 458 1132 non
480 1072 518 1134 ad
540 1084 702 1153 quaestum,
725 1072 777 1134 sed
795 1073 832 1134 ad
849 1074 985 1151 pietatem
1003 1077 1137 1137 exerceri
1155 1093 1242 1135 omnes

230 1175 300 1217 vere
318 1157 489 1236 intelligant

566 1287 670 1333 indictio
687 1289 782 1334 lumine
795 1289 917 1334 sessionis.

317 1361 509 1423 Sacrosaneta
528 1365 713 1424 oecumenica
728 1359 762 1424 ‘et
779 1365 922 1443 generalis
935 1363 1104 1425 Tridentino
1119 1363 1241 1446 synodus,

143 1493 158 1508 ,
230 1449 261 1506 iu
281 1445 389 1527 Spiritu
413 1459 512 1508 sancto
540 1449 667 1527 legitime
695 1460 881 1528 congregata,
909 1449 1138 1530 praesidentibus
1164 1452 1242 1510 inea

231 1531 339 1593 eisdem
358 1534 534 1614 apostolicae
554 1533 630 1594 sedis
649 1535 762 1612 legatis,
782 1537 881 1595 statuit
898 1546 928 1594 et
938 1533 1076 1607 decrevit,
1096 1537 1242 1615 proximam

230 1619 352 1678 futuram
371 1621 527 1679 sessionem
546 1617 704 1678 habendam
724 1629 755 1679 et
773 1618 973 1680 celebrandam
991 1640 1054 1682 csse
1074 1620 1148 1681 feria
1159 1621 1242 1700 quinta

230 1714 295 1782 post
322 1715 450 1764 octavam
478 1705 544 1763 festi
570 1703 735 1764 Nativitatis
761 1702 864 1766 beatae
882 1705 991 1766 Mariae
1009 1705 1154 1784 Virginis,
1181 1722 1242 1785 quae

230 1789 288 1847 erit
310 1787 421 1848 decima
448 1791 569 1868 septima
591 1791 697 1862 mensis¹
719 1787 897 1870 Septembris
919 1792 1048 1870 proxime
1072 1791 1175 1864 luluri3
1196 1791 1242 1849 boc

231 1883 325 1932 tamen
344 1873 476 1951 adiecto,
495 1870 570 1955 quod
590 1873 696 1935 dictum
715 1876 874 1947 terminum,
898 1895 933 1935 ao
958 1877 1109 1956 unicuique
1134 1875 1242 1936 sessioni
1302 1949 1303 1952 Ἴ

181 1965 217 2009 ¹⁶⁹
230 1959 259 2017 in
276 1970 422 2038 posterum
440 1960 672 2041 praeligendum,
699 1962 761 2040 ipsa
783 1971 883 2022 sancta
904 1960 1030 2042 synodus
1051 1981 1105 2041 pro
1130 1963 1189 2021 eius
1205 1979 1243 2018 ar·
1300 1955 1303 2042 l

108 2077 118 2086 =
229 2044 316 2103 bitrio
340 2057 370 2105 et
391 2048 551 2117 voluntate,
579 2047 664 2105 sicuti
692 2046 778 2106 rebus
802 2047 919 2106 concilii
941 2048 1084 2126 putaverit
1107 2045 1241 2128 expedire,
1302 2049 1303 2054 ’

230 2132 355 2190 etiamin
365 2133 494 2209 generali
513 2132 739 2210 congregatione
750 2133 934 2210 restringere
950 2132 1241 2212 etprorogarelibcrc

229 2217 322 2292 possit
340 2217 490 2276 etvaleat.
606 2260 609 2270 .

638 2345 849 2357 -ι-

588 2497 769 2549 §nesto
796 2499 895 2550 ΠΗ.

545 2603 655 2654 Quas
682 2603 762 2650 EST
794 2603 937 2650 sssxrs

374 2689 472 2755 SUB
516 2691 608 2757 1³10
652 2691 714 2756 IV.
760 2690 917 2756 PON'l'.
961 2691 1105 2768 Max„

627 2815 855 2864 GELEBRATA

440 2912 504 2956 DIE
527 2911 620 2956 xvtt.
643 2901 881 2956 SEPTEMBRIS
895 2911 1043 2963 mntxlt.

349 3059 573 3107 NOMINA
598 3060 651 3105 tttt
679 3057 936 3106 sacutrtcto
963 3059 1134 3104 MISSAE.

318 3205 512 3268 Sacrosancta
532 3208 719 3268 oecumenica
737 3217 767 3268 el
785 3207 929 3287 generalis
938 3205 1107 3267 Tridentina
1116 3202 1242 3286 synodus·

230 3294 258 3351 in
279 3291 387 3373 Spiritu
405 3304 505 3353 sancto
533 3294 660 3371 leffl'time
688 3303 884 3371 congregata,
911 3291 1143 3370 praesidentibus
1170 3291 1197 3350 iu
1214 3304 1244 3345 ea

230 3377 338 3439 eisdem
365 3377 643 3458 apostolicaesedis
670 3379 791 3458 legatis,
817 3389 850 3438 ot
875 3388 975 3449 vetus,
1008 3377 1140 3438 absoluta
1166 3385 1242 3452 atque

231 3466 308 3522 omni
335 3482 372 3522 cx
396 3476 478 3543 parte
497 3465 628 3543 perlecta
655 3462 692 3524 de
719 3482 822 3543 magno
850 3463 1041 3524 eucharistiae
1068 3462 1202 3544 mysterio
1218 3458 1243 3515 iu

229 3559 332 3608 sancta
351 3551 495 3610 catholica
512 3549 637 3611 ecclesia
655 3548 727 3611 fides
744 3560 831 3630 atque
848 3548 981 3610 doctrina
997 3549 1164 3619 retinemur,
1182 3542 1242 3604 etin

231 3653 282 3693 sua
310 3635 434 3715 puritate
461 3635 633 3714 propulsatis
660 3636 807 3695 erroribus
834 3645 919 3714 atque
950 3634 1116 3694 baeresibns
1134 3644 1243 3693 conser-

231 3731 323 3791 vetur,
351 3718 387 3778 de
414 3739 468 3791 ea,
496 3731 634 3799 quatenus
659 3740 758 3782 verum
786 3730 816 3780 et
841 3719 986 3798 singulare
1009 3718 1178 3780 sacrificium
1194 3720 1241 3780 osli

232 3801 355 3885 Spiritus
382 3807 473 3866 sancti
500 3806 689 3866 illustratione
717 3804 836 3875 edocta,
872 3804 959 3874 baec,
987 3823 1060 3883 quac
1086 3809 1241 3882 sequuntur,

232 3887 329 3966 docet,
348 3888 477 3951 declarat
495 3899 527 3949 et
544 3889 674 3951 fidelibus
691 3893 803 3972 populis
820 3887 1015 3969 praedicanda
1034 3887 1172 3950 decernit.
