2654 4330
314 239 579 342 snssroxru
614 284 674 344 nn
701 285 913 343 commum.
1007 342 1010 350 ,
1045 287 1126 352 soe

92 451 139 491 seu
157 431 294 510 ipsorum
313 437 554 486 sacramentorum
571 426 751 485 venerationi
769 447 821 506 pro
840 448 948 501 rerum,
969 439 1127 508 temporum

92 528 120 578 et
145 517 285 575 locorum
312 513 450 573 verietate
476 513 567 590 magis
594 509 731 590 expedire
763 511 914 573 iudicaret.
968 511 999 574 ld
1030 525 1126 576 autem

91 601 250 680 Apostolus
270 618 330 658 non
349 597 470 658 obscure
487 597 564 656 visus
583 607 627 656 est
645 598 784 671 innuisse,
813 617 895 677 quum
913 599 969 659 ait.
1003 601 1056 660 St'o
1071 620 1127 662 aros
1155 635 1163 652 ·

92 689 243 746 cecinisset
255 685 344 744 domo
355 683 383 759 ¹)
402 692 438 744 ut
448 685 598 744 mt'stsbtros
613 683 726 743 Christi
738 692 769 742 et
786 686 1003 762 dispensatores
1019 695 1126 763 myste-

92 775 202 833 riorum
226 772 304 842 Dei,
332 779 418 848 atque
444 769 536 848 ipsum
562 765 676 848 quidem
703 769 757 828 bae
784 780 927 849 potestate
954 789 1033 830 usum
1061 789 1124 832 esse

91 859 156 936 satis
175 865 312 926 constat,
332 873 395 913 cum
413 854 443 912 in
461 854 555 912 multis
573 853 651 926 aliis,
670 865 728 914 ιιιιιι
742 856 771 914 in
785 855 842 917 hoe
856 856 919 936 ipso
933 867 1124 930 sacramento,

92 961 187 1022 quum,
207 939 355 1001 ordinatis
372 939 515 998 nonnullis
534 940 613 998 circa
631 940 693 998 eius
710 960 805 1001 usum:
836 941 956 1014 Cetera,
980 943 1124 1022 inquit2),
1211 1019 1218 1024 ι

92 1047 174 1106 quum
193 1045 332 1104 uenero,
350 1026 511 1104 disponam.
557 1023 651 1097 Quare
670 1044 830 1104 agnoscens
848 1037 949 1086 sancta
966 1037 1058 1087 mater
1075 1046 1125 1087 ec·

92 1113 177 1172 olesia
199 1111 281 1172 hanc
304 1129 383 1170 suam
406 1111 436 1168 in
458 1107 704 1171 administratione
726 1124 970 1172 sacramentorum
997 1113 1125 1172 auetori-

92 1208 190 1269 tatem,
220 1197 295 1256 licet
322 1194 358 1254 ab
385 1195 467 1254 initio
491 1194 671 1254 Christianae
698 1197 846 1274 religionis
873 1217 930 1257 non
958 1197 1124 1278 infrequens

91 1285 237 1361 utriusque
259 1282 372 1362 speciei
389 1300 456 1339 usus
474 1280 588 1353 luisset,
608 1291 702 1339 tamen
719 1301 875 1361 progressu
893 1283 1030 1362 temporis
1044 1276 1133 1372 latis-l

93 1370 157 1428 sime
180 1371 240 1428 iam
264 1377 374 1426 mutata
396 1365 445 1424 illa
469 1364 690 1437 consuetudine,
719 1367 851 1444 gravibus
875 1377 905 1427 et
927 1369 1007 1427 iustis
1030 1369 1134 1436 causisl

92 1451 214 1513 adducta
238 1453 317 1512 hauc
341 1448 575 1512 consuetudinem
598 1451 648 1510 sub
668 1452 760 1511 altera
778 1454 875 1532 specie
895 1451 1124 1512 communicandi

94 1539 263 1618 approbavit
277 1539 323 1612 ³),
352 1547 382 1596 et
399 1556 457 1616 pro¹
474 1535 539 1613 lege
563 1535 721 1596 habendam
744 1535 887 1608 decrevit,
916 1556 998 1616 quam
1021 1556 1124 1617 repro-

93 1624 158 1684 bare
182 1635 232 1684 aut
257 1624 322 1682 sine
345 1623 433 1702 ipsius
456 1623 599 1681 ecclesiae
622 1623 795 1682 auctoritate
821 1641 875 1702 pro
902 1622 984 1681 libito
1012 1635 1122 1682 mutare

95 1711 244 1769 nonlicet.

109 1881 134 1926 G.
151 1883 193 1928 lll.
241 1881 336 1927 Totum
353 1885 380 1926 et
397 1881 525 1940 integrum
543 1878 675 1925 Cdn'stum
693 1893 726 1925 uo
744 1892 832 1926 oerum
849 1887 1041 1926 rememoratum
1059 1882 1104 1928 mad
1136 1888 1176 1932 tte

395 2000 399 2005 ,
452 1947 569 2009 qualibet
586 1948 670 2006 epsos'e
687 1949 761 1994 sums‘.

174 2050 300 2132 losuper
322 2049 467 2121 declarat,
496 2050 621 2128 quumvis
647 2047 822 2128 Redemptor
844 2053 955 2122 noster,
984 2060 1015 2108 ιιι
1037 2060 1123 2110 antee

97 2131 272 2209 dictumest,
291 2136 321 2194 iu
339 2154 470 2214 suprema
487 2135 537 2193 illa
555 2153 648 2194 coena
666 2134 722 2194 hoe
740 2145 948 2194 sacramentum
966 2135 996 2194 in
1014 2134 1122 2196 duabus

96 2222 243 2298 speciebus
263 2221 456 2294 institueritl)
476 2230 506 2280 et
518 2220 667 2299 Apostolis
683 2219 849 2291 tradiderit,
867 2230 961 2282 tamen
976 2221 1122 2282 latendum

98 2321 169 2378 esse,
197 2309 286 2367 etiam
313 2306 364 2366 sub
392 2305 483 2364 altera
506 2315 614 2366 tanturn
636 2307 734 2385 specie
758 2317 847 2366 totum
870 2316 956 2385 atque
978 2308 1122 2386 integrum

99 2388 235 2451 Christum
250 2396 280 2468 ⁵)
298 2410 453 2470 verumque
471 2401 679 2452 sacramentum
698 2393 784 2463 sumi,
802 2411 837 2451 ao
856 2403 1026 2472 propterea,
1046 2391 1122 2472 quod

99 2473 130 2533 ul
141 2477 265 2538 fructum
284 2479 399 2548 attinet,
418 2476 495 2538 nulla
513 2477 607 2554 gretia
625 2478 790 2538 necessaria
808 2475 845 2536 ad
863 2477 982 2539 salutem
1002 2497 1052 2538 eos
1071 2477 1122 2538 de·
1164 2537 1186 2566 ,Ι

99 2559 232 2636 fraudari,
253 2566 301 2642 qui
319 2582 403 2622 uuasu
421 2563 548 2640 speeiem
566 2563 656 2622 solam
674 2564 829 2642 accipiunt.

138 2715 219 2766 c.1v.
257 2717 388 2766 Paruulus
401 2731 452 2764 mon
468 2717 580 2778 obligare·
592 2716 629 2764 ud
642 2719 838 2764 communionem
853 2718 1078 2765 sacramentalem.

176 2817 308 2899 Denique
332 2817 433 2879 eadem
456 2829 556 2878 sancta
583 2817 709 2898 synodus
736 2817 824 2878 docet
837 2818 880 2892 6),
909 2820 1043 2898 parvulos
1071 2838 1122 2880 usu

100 2902 211 2963 rationis
230 2915 363 2965 carentes
385 2904 462 2964 nulla
485 2904 607 2983 obligari
630 2905 803 2964 necessitate
827 2902 863 2963 ad
886 2903 1122 2966 sacramentalem

102 2985 284 3050 eucharistiae
313 2990 552 3061 communionem,
580 2987 717 3069 siquidem
745 3008 798 3068 per
822 2989 955 3067 baptismi
977 2989 1122 3050 lavacrum

101 3080 259 3151 regenerati
270 3077 301 3150 )
325 3085 355 3134 et
374 3074 488 3133 Christo
506 3075 684 3162 incorporati
703 3072 860 3154 adeptam
852 3093 908 3134 ram
926 3073 1048 3135 liliorum
1067 3072 1172 3136 Dei

104 3159 215 3230 gratiam
242 3163 272 3221 in
298 3161 347 3222 illa
375 3169 472 3220 aetate
499 3163 631 3220 amittere
659 3181 716 3220 non
743 3169 871 3240 possunt
924 3159 1027 3240 Neque
1053 3159 1120 3222 ideo
1187 3165 1197 3178 '

102 3247 190 3303 tamen
211 3245 371 3306 damnanda
394 3256 440 3306 est
457 3247 625 3326 antiquitas,
653 3247 677 3306 si
696 3266 760 3306 eum
779 3266 885 3306 morem
905 3247 934 3305 in
954 3244 1122 3326 quibusdam

105 3321 169 3387 locis
190 3331 342 3412 aliquando
366 3333 499 3392 servavit
544 3329 583 3392 Ut
604 3332 680 3391 euim
702 3334 872 3396 sanctissimi
894 3333 936 3395 illl
953 3330 1055 3393 Patres
1077 3334 1121 3393 sui

103 3407 167 3472 lacti
179 3417 355 3494 probabilem
370 3436 489 3478 causam
500 3437 553 3497 pro
572 3417 648 3478 illius
665 3422 802 3498 temporis
820 3420 931 3480 rstioue
950 3417 1119 3490 habuerunt,

106 3491 142 3551 ila
161 3507 238 3562 terte
261 3521 319 3563 eos
335 3504 414 3565 nulla
434 3503 533 3563 salutis
555 3505 727 3565 necessitate
751 3503 780 3564 id
798 3504 944 3565 iecisse
921 3523 983 3566 ssue
1003 3515 1120 3566 contro-

107 3583 193 3643 versie
211 3586 383 3650 eredendum
403 3599 456 3648 est.

110 3701 305 3727 *u—

155 3765 557 3876 Bssq.XX1.1)tcor.lV..-·t
531 3783 1121 3882 2-)tcor.X1.84.-tpeoneffloustsntlouu

212 3827 318 3887 [ιν-4)
329 3833 360 3878 el.
370 3830 417 3878 loe.
428 3831 499 3900 alleg.
493 3847 566 3932 .spsg.
561 3839 655 3880 ..ιιιοι
664 3839 776 3880 notu-
787 3841 832 3886 ιιι
844 3851 926 3933 appr.
937 3835 1003 3884 Sese.
1009 3837 1081 3884 xm.
1092 3837 1121 3881 do
1273 3799 1281 3811 '

191 3836 525 3940 etesnsttcfmr
544 3887 872 3941 ssu.esn.t-t)'l'i.t111
1201 3925 1204 3933 .
