2652 4330
190 241 351 297 snssm
380 243 455 296 XIV.
490 243 549 296 DE
576 243 920 300 ronntunrtrtn.
1029 251 1073 306 a!

64 383 218 447 iuduereto
241 382 278 443 de
300 383 503 444 iustificatione
514 385 541 459 1)
571 385 673 444 multus
700 385 788 446 luerit
814 383 850 446 da
877 389 1076 466 poenitentiae

66 480 227 531 sacramanto
250 479 369 549 propter
389 469 518 528 locorum
541 472 743 549 cognationem
766 474 930 532 necessaria
954 472 1075 552 quadam
1166 499 1173 514 .

64 558 160 616 ratione
178 573 271 614 sermo
289 556 488 633 interpositus:
508 565 587 614 tanta
601 556 783 616 nihilominus
797 558 876 616 circs
891 557 961 618 illud
976 569 1079 618 nostra

64 641 108 702 iac
125 651 216 700 aetate
239 639 415 700 diversorum
439 659 570 700 errorum
594 652 639 700 est
656 641 820 713 multitudo,
848 654 879 701 ut
901 663 957 702 nou
976 663 1074 722 parum

64 728 179 806 publicae
204 726 334 786 utilitatis
361 725 506 796 retulerit,
539 725 575 787 da
599 745 635 785 eo
659 729 836 788 exactiorem
860 739 892 788 ct
916 730 1075 807 planiorem
1120 755 1129 796 ¹.

65 812 241 872 definitionem
263 810 430 882 tradidisse,
454 813 483 869 in
502 829 558 890 qua
576 810 777 872 demonstratis
800 823 830 872 ct
849 814 991 874 convulsis
1010 812 1078 892 Spi-

64 901 123 958 ritus
147 899 236 956 sancti
263 895 409 976 pracsidio
437 897 577 956 universis
604 897 765 968 erroribus,
799 899 943 958 catholica
970 901 1080 960 veritas

64 983 198 1062 perspicua
220 993 250 1042 et
273 983 390 1041 illustris
412 981 510 1053 lieret3
536 999 617 1060 quam
640 1001 715 1042 nunc
733 995 832 1044 sancta
855 985 927 1044 haec
950 984 1079 1064 synodus

67 1067 220 1127 Christianis
240 1067 371 1127 omnibus
389 1077 530 1145 perpetuo
549 1065 717 1126 servandam
735 1071 879 1148 proponit.

133 1207 156 1251 C.
166 1207 184 1255 l.
218 1205 260 1251 Dc
270 1205 426 1252 necessitate
436 1210 463 1250 ct
470 1206 634 1251 institutione
647 1209 809 1253 sacrmenti
812 1209 994 1266 poenitentioe.

137 1289 165 1349 Si
183 1311 219 1349 ea
236 1291 265 1348 iu
284 1289 464 1366 regeneratis
484 1290 612 1348 omnibus
630 1289 776 1367 gratitudo
795 1310 865 1369 erga
880 1290 970 1352 Deum
990 1302 1078 1363 esset,

65 1384 90 1431 ut
108 1377 233 1436 iustitiam
257 1375 287 1432 in
308 1374 449 1452 baptismo
473 1373 561 1452 ipsius
582 1374 725 1434 beneflcio
748 1386 779 1436 at
800 1377 894 1454 gratia
917 1387 1077 1455 susceptam

67 1471 215 1520 constanter
232 1469 392 1530 tuerentur,
412 1477 469 1515 nou
488 1459 589 1518 inisset
607 1480 687 1538 opus,
707 1460 783 1519 aliud
802 1462 837 1520 ab
856 1465 918 1542 ipso
937 1462 1077 1541 baptismo

66 1547 293 1621 aeramentum)
314 1543 350 1602 ad
376 1554 561 1623 peccatorum
589 1547 785 1605 remissionem
818 1567 881 1607 esse
909 1549 1076 1606 institutum.
1089 1567 1129 1611 tos·

68 1628 187 1702 Quoniam
207 1642 302 1691 autem
321 1629 413 1701 Deus,
442 1627 521 1689 dives
539 1632 568 1688 iu
588 1630 785 1690 misericordia
795 1633 839 1710 ⁸),
867 1634 1004 1712 cognovit
1027 1634 1079 1710 lig·

67 1727 172 1775 neutum
191 1717 374 1790 nostrum),
402 1714 458 1773 illis
482 1717 567 1774 etiam
589 1719 666 1776 vitae
689 1716 845 1778 remedium
870 1720 1003 1790 contulit,
1033 1718 1079 1797 qui
1133 1733 1136 1738 ’

67 1818 92 1858 se
106 1813 197 1880 postea
215 1805 243 1862 iu
263 1803 378 1881 peccati
398 1801 562 1860 servitutem
581 1812 611 1860 et
634 1801 781 1862 daemonis
799 1814 970 1882 potestatem
991 1803 1082 1862 tradi·
1181 1833 1185 1844 π

68 1883 167 1960 dissent,
190 1897 400 1948 sacramentum
425 1885 562 1945 videlicet
584 1889 798 1965 poenitentiae,
826 1908 881 1967 quo
906 1889 1101 2002 Ιὲῃθὶεῲρέἕὶ

67 1969 214 2060 Qantara
236 1973 411 2034 heneficium
433 1973 533 2030 mortis
556 1971 662 2030 Christi
686 1973 854 2052 applicatur.
891 1972 992 2047 Fuit5)
1018 1974 1080 2050 qui·
1156 1967 1158 1972 ’
1216 2037 1218 2046 ,

68 2053 120 2115 den
143 2059 328 2138 poenitentia*
347 2059 484 2116 universis
512 2056 686 2129 hominibus,
715 2058 762 2136 qui
789 2077 819 2116 so
847 2058 961 2117 mortali
984 2059 1083 2135 aliquo

67 2155 172 2220 peccato
189 2144 398 2224 inquinassent,
423 2142 521 2221 quovis
540 2152 669 2221 tempore
697 2141 734 2201 ad
753 2145 873 2220 gratiam
892 2154 923 2204 et
945 2144 1083 2202 iustitiam

69 2229 257 2308 assequendam
277 2228 456 2298 necessaria,
482 2228 537 2285 illis
556 2229 656 2298 etiam,
682 2229 729 2306 qui
747 2228 879 2308 baptismi
898 2240 1079 2288 sacramento

70 2312 133 2372 ablui
148 2316 328 2394 petivissent,
352 2321 384 2371 ut
401 2314 590 2392 perversitate
614 2313 728 2372 abiecta
752 2325 781 2371 et
804 2307 955 2374 emendata
974 2323 1080 2374 tautam

68 2395 115 2456 llei
139 2399 322 2460 offensionem
351 2417 415 2457 cum
434 2400 548 2478 peccati
572 2396 639 2456 odio
663 2407 693 2456 et
715 2399 762 2476 pio
786 2401 871 2459 animi
899 2399 1001 2459 dolore
1030 2399 1081 2459 de·

69 2490 235 2545 testarentur.
275 2481 356 2542 Unde
385 2481 530 2561 Propheta
557 2483 649 2557 ait⁶):
689 2485 911 2568 Converlsinipi,
942 2495 974 2546 et
999 2488 1083 2564 agite

25 2637 26 2642 η
67 2571 263 2644 poenitentiam
287 2569 324 2628 ab
348 2567 479 2628 omnibus
506 2567 713 2646 iniquitatibus
735 2575 854 2641 uestris,
883 2581 915 2630 et
934 2592 993 2630 non
1023 2574 1086 2630 erit

69 2653 138 2714 oolr's
154 2659 181 2716 in
199 2658 316 2716 ruinam
335 2655 485 2731 iniquitas.
522 2652 658 2713 Dominus
677 2655 762 2713 etiam
781 2656 906 2730 tixittn
925 2657 997 2716 Nisi
1007 2675 1082 2734 poe-

71 2740 206 2800 nitentiam
234 2742 372 2819 egeritis,
400 2757 499 2796 omnes
524 2741 662 2799 steriliter
685 2741 835 2818 peribitis.
884 2741 922 2800 Et
947 2743 1082 2823 princeps

70 2817 256 2900 Apostolorum
268 2824 369 2883 Petrus
387 2823 590 2902 peccatoribus
607 2825 747 2904 baptismo
766 2827 912 2886 initiandis
930 2829 1082 2906 poeniten·

71 2907 126 2966 tiam
147 2908 345 2971 commendans
368 2907 484 2967 dicebat
494 2911 537 2984 ⁸):
573 2913 788 2970 I'oem'tentians
813 2915 909 2990 agite,
937 2923 969 2971 ct
985 2912 1082 2990 bapti-

71 3003 144 3053 aelur
163 2999 358 3076 unusquisque
376 3003 511 3055 oestrum.
548 2993 640 3055 Porro
663 3015 717 3054 nec
736 3006 802 3055 ante
826 2996 978 3055 adventum
998 2995 1082 3054 Clari·

72 3079 101 3135 sti
115 3083 284 3158 poenitentia
302 3091 365 3141 erat
383 3089 600 3152 sacramentum,
620 3100 674 3140 nec
694 3090 738 3139 est
754 3091 821 3161 post
838 3081 988 3142 adventum
1007 3081 1107 3167 illius-l1

73 3165 185 3244 cuiquam
203 3179 270 3228 ante
289 3167 478 3256 baptismqffi‘
503 3163 640 3225 Dominus
663 3177 757 3226 autem
781 3179 988 3228 sacramentum
1011 3179 1107 3245 poe-¹

72 3247 193 3313 nitentiae
216 3265 282 3314 tuuc
305 3270 461 3334 praecipue
480 3252 614 3325 instituit,
649 3273 731 3332 quum
758 3254 917 3314 amortuis
940 3253 1081 3312 excitatus

72 3331 209 3398 iusulllavit
235 3341 264 3398 in
291 3337 448 3418 discipulos
470 3357 547 3411 suos,
573 3338 725 3414 dicens⁹ls
768 3342 909 3418 Aeccps'te
940 3340 1083 3418 Spiritum

72 3433 204 3499 tanctums
224 3444 343 3504 quorum
361 3425 533 3484 remiseritis
542 3438 680 3506 peccato,
698 3430 888 3486 remittuntur
907 3427 958 3498 eis,
970 3434 1002 3484 et
1013 3443 1085 3502 quo·

73 3521 126 3564 rain
141 3513 329 3582 retinueritis,
349 3518 564 3572 retentarunt.
593 3513 654 3588 Quo
673 3523 730 3572 tam
749 3513 854 3592 insigni
872 3511 951 3571 iacto
970 3521 1001 3570 et
1017 3528 1084 3569 ver·

73 3584 110 3648 llis
125 3603 175 3654 mm
193 3595 350 3676 perspicuis
368 3588 541 3676 potestatem
558 3598 723 3660 remittendi
742 3611 772 3660 et
789 3596 933 3659 retinendi
951 3607 1085 3676 peccata,

74 3695 267 3719 '‘Q—-

118 3737 263 3790 SarnXlV.
291 3743 703 3800 tlsnpr.Sass.vl.slsiustittc.tt.
719 3771 744 3781 -
770 3745 1015 3802 tlcf.lnir.dapoou.
1030 3744 1084 3788 at.
1132 3752 1142 3771 ¹

74 3806 96 3819 “
117 3791 160 3844 ῑὶῑ
176 3793 223 3840 hes.
233 3797 265 3844 tt
274 3802 296 3841 t.
306 3823 331 3834 -
357 3802 378 3851 t)
388 3793 453 3841 Psal.
465 3797 517 3844 011.
528 3803 560 3842 14.
575 3823 600 3834 -
626 3803 649 3853 t)
658 3812 685 3843 sn
704 3814 723 3843 r.
733 3799 798 3844 Sera.
808 3799 850 3843 vt.
866 3800 894 3842 da
908 3797 1003 3842 iustitis.
1019 3808 1040 3838 c.
1049 3796 1086 3838 ti.

75 3808 355 3914 θΗέιοιέ.ζῦ’111.ὓί).-
380 3847 615 3902 tJLuc.Xttt.s.-
642 3855 665 3906 8)
676 3815 728 3895 dpct.
739 3849 771 3894 11.
783 3855 850 3895 t&-
876 3845 1085 3904 illocallxffl.

77 3900 117 3945 ¹⁸t·
125 3916 148 3928 -
156 3898 184 3941 oi.
194 3899 254 3944 inira
263 3903 291 3946 da
301 3915 370 3959 poan.
381 3914 430 3945 can.
440 3903 461 3944 8.
