2654 4330
282 287 425 346 susem
442 287 532 346 XXV.
572 291 627 344 DE
645 291 737 347 ΒΕΘ.
755 289 809 345 ΕΤ
827 291 928 347 ΜΟΝ.
1039 291 1117 352 m

83 435 115 480 6.
138 429 205 480 XVI.
246 431 418 482 Beroneeittfo
440 437 491 481 aot
510 425 633 496 obdgutfu
645 437 730 501 facta
743 441 809 484 unte
826 435 891 485 door
908 447 1005 486 meam
1020 436 1118 497 morf-
1138 469 1145 478 ·

83 513 147 550 utor
165 503 327 566 professioni
336 505 381 549 'rit
394 503 476 550 natta.
512 501 603 550 Finita
622 505 776 565 probatione
793 507 887 553 novitia·
906 511 954 552 cot
968 505 1116 565 profitean-

84 579 149 636 tur,
171 577 222 618 aut
238 571 385 620 eiiciantur.
425 571 458 618 [a
471 574 516 632 pio
535 573 687 620 cterieorom
704 574 839 620 societatis
857 573 918 621 Iesu
936 575 1056 620 instituto
1075 577 1117 620 ni·

142 639 183 686 bil
198 642 347 688 innovatur.
389 639 515 701 cauetur,
533 655 564 686 ne
582 640 645 704 quid
659 655 694 688 aa·
711 641 783 689 bonis
800 644 893 689 necitis·
905 645 1064 702 ncoaoctera'e

393 708 526 755 tribuatur
543 715 606 756 ante
619 708 815 774 professionem.

177 791 264 853 Nulla
283 811 394 873 quoque
413 793 592 852 renunciatio
606 805 657 852 aut
673 791 810 872 obligatio
830 794 1011 867 anteniacta,
1030 795 1117 854 etiam

84 901 157 942 cum
175 882 349 950 iuramento,
372 877 418 937 vei
437 879 465 936 in
484 879 610 938 favorem
630 880 822 959 cuiuscunque
842 898 946 940 causae
965 881 1044 960 piae,
1068 899 1118 938 no·

17 1023 19 1032 ,
84 969 160 1037 teat,
180 966 234 1026 nisi
253 985 315 1024 cum
335 964 451 1024 licentia
469 965 595 1043 episcopi
614 966 674 1024 sive
693 967 754 1024 eius
771 965 872 1024 vicarii
891 965 940 1024 irat
958 961 1033 1025 intra
1045 963 1117 1024 duos

85 1071 206 1112 menses
229 1051 377 1130 proximos
392 1059 459 1109 ante
477 1051 699 1128 professionem,
723 1069 758 1110 ac
777 1067 833 1110 non
852 1049 922 1110 alias
941 1051 1119 1129 intelligatur

86 1139 227 1198 effectum
243 1139 322 1195 sunm
337 1136 447 1207 sortiri,
466 1137 629 1196 nisisecuta
638 1137 836 1217 professione3
856 1136 941 1196 aliter
948 1156 1019 1196 vero
1030 1138 1117 1207 facta.

87 1226 179 1284 etiam
199 1223 223 1284 si
238 1241 300 1283 oum
311 1220 393 1280 buius
407 1221 513 1280 favoris
529 1240 665 1302 expressa
674 1223 900 1293 renunciatione,
920 1225 1004 1282 etiam
1015 1224 1117 1292 iurata,

87 1313 128 1370 sit
139 1310 223 1368 irrita
233 1318 262 1367 et
271 1307 373 1368 nuliius
383 1304 512 1366 effectus.
549 1305 641 1366 Finito
653 1317 780 1387 tepore
791 1307 942 1367 novitiatus
953 1310 1118 1386 superiores

88 1396 228 1466 novitios,
241 1413 311 1474 quos
329 1393 439 1452 habiles
457 1393 628 1464 invenerint,
647 1391 1051 1472 adproiitendumadmittant,
1071 1403 1120 1452 aut

87 1503 105 1542 e
123 1481 302 1540 monasterio
313 1497 365 1538 eos
383 1477 511 1538 eiiciant.
546 1475 604 1537 Per
620 1479 693 1538 haec
705 1478 1043 1558 tamensanctasynodus
1061 1498 1118 1537 non

88 1565 219 1626 intendit
241 1561 347 1644 aliquid
364 1565 540 1637 innovare1)
565 1575 615 1624 aut
636 1561 804 1646 prohibere,
824 1565 891 1642 quin
910 1566 1013 1642 religio
1034 1563 1119 1623 cleri·

89 1671 193 1713 corum
216 1651 364 1710 societatis
387 1650 451 1710 Iesu
473 1651 553 1709 iuxta
574 1652 649 1730 pium
677 1669 775 1710 eorum
797 1650 953 1708 institutum
981 1669 998 1708 a
1020 1659 1120 1709 sancta

88 1737 165 1798 sede
183 1737 343 1818 apostolice
361 1735 548 1816 approbatum
558 1735 679 1796 Domino
699 1746 729 1794 et
746 1735 960 1794 eiusechesiae
979 1735 1119 1794 inservire

88 1825 199 1905 possit3
218 1821 270 1882 sed
288 1837 380 1902 neque
399 1832 465 1882 ante
483 1823 702 1902 professionem,
721 1831 844 1900 excepto
863 1823 940 1880 victu
959 1830 989 1880 et
1004 1822 1118 1891 vestitu,

89 1909 195 1971 novitii
211 1909 258 1969 vel
276 1909 402 1967 novitiae
420 1907 650 1986 iiliustemporis‚
671 1926 725 1986 qno
744 1909 773 1964 in
791 1904 962 1984 probatione
977 1916 1030 1978 est,
1051 1923 1121 1985 quo·

90 2015 207 2076 cunque
226 2004 391 2074 praetextu,
412 1993 627 2072 aparentibus,
646 1993 692 2051 vel
709 1993 891 2071 propinquis,
911 2001 960 2050 out
979 1992 1121 2050 curatori·

89 2080 148 2142 bus
167 2083 228 2141 eius
247 2081 421 2139 monasterio
448 2077 553 2160 aliquid
582 2097 618 2137 ox
635 2078 718 2137 bonis
745 2075 872 2136 eiusdem
899 2076 1054 2147 tribuatur,
1083 2091 1174 2136 uento

88 2169 149 2228 hac
178 2167 332 2227 occasione
361 2163 511 2228 discedere
538 2173 676 2244 tremeat,
705 2159 781 2242 quod
807 2173 895 2222 totam
918 2163 964 2222 vel
983 2163 1120 2222 maiorem

92 2263 205 2336 partem
223 2251 398 2312 substantiae
418 2267 486 2310 suae
505 2252 706 2309 monasterinm
724 2244 884 2328 possideat,
903 2268 957 2308 nec
976 2247 1076 2319 facil-e,
1096 2239 1138 2308 si‘

94 2339 271 2410 discesserit,
290 2333 320 2396 id
335 2354 508 2414 recuperare
523 2337 621 2416 possit.
667 2334 740 2408 Quin
750 2336 845 2416 potius
862 2335 1005 2413 praecipit
1022 2344 1122 2393 saneta

93 2425 222 2506 synodus
244 2423 295 2484 sub
319 2421 507 2482 anathematis
529 2441 624 2500 poena
647 2418 778 2480 dantibus
801 2432 830 2480 et
847 2419 1065 2498 recipientibus,
1085 2438 1121 2478 ne

93 2513 152 2570 boc
171 2512 229 2570 ulio
249 2507 333 2568 modo
352 2507 411 2578 fiat,
431 2517 462 2566 et
479 2517 510 2565 ut
527 2507 698 2567 abeuntibus
717 2515 783 2566 ante
801 2505 1010 2585 professionem
1028 2505 1123 2564 omnia

94 2598 296 2668 restituantur,
322 2613 393 2673 quae
413 2611 464 2652 sua
486 2603 595 2654 erant·
623 2589 706 2666 Quod
733 2603 765 2651 nt
782 2601 862 2651 recte
881 2591 945 2664 fiat,
967 2593 1122 2670 episcopus

94 2685 182 2744 etiam
200 2699 254 2761 per
272 2698 408 2741 censuras
427 2679 654 2751 ecclesiasticas,
674 2679 698 2737 si
717 2697 788 2757 opus
805 2677 905 2750 inerit,
926 2673 1087 2756 compellat.

94 2825 122 2872 G.
141 2821 222 2872 xvu.
257 2819 351 2866 Pacilo
368 2821 452 2866 maior
470 2817 600 2865 Medeam
622 2817 698 2864 annis
716 2818 741 2864 ef
758 2815 875 2862 habitem
897 2816 1042 2876 regolarem
1064 2827 1123 2864 coc.-

181 2892 266 2950 en'pere
283 2887 407 2949 voluerit,
430 2887 583 2946 exploretur
600 2885 633 2932 ab
651 2885 796 2944 ordinario,
814 2885 959 2944 iterumque
976 2890 1037 2930 ante

511 2955 707 3019 professionem.

183 3041 326 3102 Libertati
344 3040 533 3120 professionis
555 3039 696 3118 virginum
718 3035 781 3095 Deo
805 3033 989 3096 fficandarum
1012 3036 1175 3114 prospi··:
1226 3078 1229 3089 ,

96 3132 177 3191 ciens
196 3137 296 3188 sancta
314 3125 440 3207 synodus
457 3126 557 3184 statuit
573 3135 659 3206 atqm
678 3121 819 3194 decernit,
837 3131 878 3193 ut,
893 3121 1031 3200 sipuella,
1052 3139 1124 3199 quae

95 3213 223 3276 habitum
246 3214 409 3292 regularem
432 3211 580 3290 suscipere
597 3211 735 3282 voluerit,
756 3209 852 3268 ,maior
874 3206 1024 3268 duodecim
1043 3208 1125 3266 annis

93 3303 188 3377 eit2),
211 3320 268 3360 non
291 3309 441 3360 antaeum
465 3297 616 3376 suscipiat,
638 3313 693 3356 nee
711 3305 813 3374 postea
834 3295 897 3375 ipsa
919 3293 964 3353 vel
982 3293 1039 3352 aiie
1056 3311 1125 3370 pro-

95 3385 253 3452 fessionem
275 3385 401 3457 emittat,
428 3403 512 3464 quam
534 3383 729 3461 exploraverit
751 3381 919 3460 episcopus,
945 3378 993 3438 vel
1013 3397 1050 3438 eo
1074 3377 1125 3436 ab·

96 3486 182 3537 sente
196 3471 400 3553 velimpedito
418 3470 479 3530 eins
496 3469 634 3539 vicanus,
662 3477 714 3528 aut
733 3468 834 3546 aliquis
852 3485 951 3526 eorum
969 3463 1126 3544 sumptibus

97 3563 133 3622 ab
152 3561 196 3622 eis
214 3559 380 3638 deputatus,
398 3557 516 3635 virginis
534 3555 709 3614 voluntatem
728 3551 896 3633 diiigenter,
916 3571 952 3612 en
971 3552 1125 3624 coactat),

98 3669 135 3708 an
153 3645 275 3709 seducta
294 3647 347 3718 sit,
368 3663 405 3704 an
424 3644 499 3703 sciat
517 3640 585 3721 quid
601 3651 682 3719 agat,
707 3649 737 3700 et
753 3643 778 3700 si
795 3640 925 3700 voluntas
944 3639 1005 3700 eius
1023 3639 1071 3718 pia
1090 3655 1125 3698 ao

97 3735 191 3794 libera
210 3733 328 3810 cognita
345 3731 445 3801 fuerit,
464 3727 652 3807 habueritque
672 3723 853 3787 conditiones
876 3725 1027 3804 requisitas
1046 3725 1127 3782 iuxta

99 3860 313 3877 ffl--fl———n

151 3935 229 3979 Seu.
242 3931 323 3978 XXV.
350 3935 370 3986 t)
386 3928 592 3984 antulienses
606 3927 677 3972 xm.
693 3927 856 3971 discendentes
869 3925 975 3970 Domine.
990 3924 1019 3970 Δ.
1030 3925 1088 3968 sset.
1099 3943 1126 3958 «-

99 3991 124 4042 ²)
139 3987 169 4032 ef.
180 3987 222 4032 cit.
233 3997 253 4030 u.
264 3987 297 4028 12.
306 3981 338 4028 X.
349 3983 373 4026 b.
381 3987 400 4027 t.
411 4005 435 4017 -
461 3985 482 4034 e)
497 3980 528 4025 ef.
539 3996 559 4026 c.
570 3985 602 4024 1⁰.
614 3981 640 4024 0.
650 3979 707 4024 XX.
717 3992 754 4035 qn.
765 3984 784 4024 1.
795 3983 856 4034 (cap.
866 3979 961 4028 intera)
