2654 4334
217 83 223 111 l

196 202 200 212 “
303 212 929 302 counramnuroconcrn-rt.‘
1039 247 1164 322 sla,

87 382 163 466 'qaod
180 387 209 446 in
227 405 302 465 agro
319 395 369 446 tuo
388 387 595 458 seminavimus,
613 385 732 448 uberem
750 388 873 448 fructum
892 388 1008 460 afferat,
1027 389 1111 450 buat-

93 492 142 551 que
159 481 191 531 ut
208 490 258 531 ros
282 473 425 551 eloquium
444 482 536 544 taum,
559 483 658 552 atque,
678 471 754 552 quod
772 473 835 533 lore
853 473 1007 554 aliquando
1026 476 1111 554 polli-

92 559 159 617 citus
177 576 223 630 cs,
247 555 299 616 liat
321 557 495 636 temporibus
519 558 638 630 nostris,
666 569 698 618 ut
714 578 798 617 uuum
821 561 858 618 sit
881 561 1003 620 omnium
1022 562 1109 636 ovile,

91 653 118 701 et
132 663 202 702 unas
220 652 335 722 pastor,
358 652 444 722 atquc
462 645 487 702 is
503 644 682 722 potissimum
705 643 770 704 Pius
785 641 850 716 tt„
873 646 901 704 in
925 647 966 704 tui
989 647 1110 706 nominis
1203 694 1210 704 .

91 728 204 805 gloriam
223 729 436 808 sempiternam.
476 726 578 788 Amen.
821 739 825 748 ’

329 971 635 1024 CONFIRMATIO
662 971 867 1022 casalata

168 1068 231 1130 Nos
262 1069 445 1142 Alexander,
473 1073 565 1131 sancti
593 1071 742 1134 Laurentii
768 1073 797 1132 in
821 1071 945 1134 Damaso
973 1069 1111 1136 diaconus

92 1152 238 1214 cardinalis
257 1155 294 1214 de
313 1155 464 1227 darnesio,
485 1154 516 1216 S.
535 1156 569 1216 tt.
588 1156 623 1216 Ε.
640 1159 911 1231 vicecancellarius,
935 1158 1020 1220 iidem
1038 1161 1112 1221 faci·

91 1259 145 1296 mas
163 1251 192 1299 et
209 1251 390 1313 attestamur,
410 1242 533 1320 qualiter
550 1241 647 1314 hodie,
667 1241 714 1304 die
725 1243 873 1315 Mercurii,
891 1266 968 1305 xxvi.
986 1245 1111 1306 Ianuarii

91 1343 213 1397 conara,
233 1325 422 1386 pontificatus
440 1327 611 1388 sanctissimi
635 1327 669 1388 D.
689 1331 780 1389 nostri
803 1328 837 1389 D.
857 1327 910 1402 Pii,
930 1330 1025 1390 divina
1043 1351 1111 1411 pro·

91 1407 209 1469 videntia
236 1410 334 1491 Papae
363 1414 469 1492 quarti,
499 1432 573 1472 anno
596 1415 708 1492 quinto,
740 1416 769 1473 in
797 1417 971 1478 consistorio
994 1428 1110 1477 secreto

92 1495 159 1572 apud
181 1493 211 1555 S.
231 1495 349 1556 Pctrum
373 1496 604 1558 reverendissimi
623 1498 684 1558 DI).
709 1502 764 1560 mei
789 1499 950 1560 cardinales
972 1501 1111 1561 bleranus

92 1589 119 1636 et
138 1577 300 1654 simonem,
319 1602 411 1661 nuper
432 1585 542 1644 reversi
565 1603 689 1646 asuero
713 1585 838 1644 concilio
856 1583 1040 1657 Tridentino,
1065 1589 1111 1646 cui

92 1664 127 1722 uti
148 1665 223 1725 sedis
251 1669 432 1748 apostolicae
461 1669 550 1748 legati
577 1681 744 1748 praeerant,
773 1671 919 1749 petierunt
944 1670 980 1730 ab
1008 1671 1111 1733 codem

93 1753 262 1812 sanctissimo
283 1753 318 1812 n.
337 1764 437 1814 nostro
455 1765 485 1813 nt
503 1755 592 1814 inira:
1134 1807 1136 1811 s

169 1840 344 1898 Beatissimo
361 1841 466 1911 Pater,
491 1842 521 1900 in
541 1842 660 1899 decreta
682 1859 773 1918 super
785 1841 854 1918 fine
878 1837 1001 1902 aoncilii
1024 1862 1111 1903 oeca-

94 1925 192 1980 menici
211 1925 396 1997 Tridentini,
412 1926 513 2003 pridie
531 1944 627 1985 nonas
643 1925 815 1985 Decembris
831 1929 997 2002 praeteriti
1008 1929 1111 2006 publi·

93 2014 167 2080 cato,
192 2019 335 2070 statutum
352 2007 434 2089 snit,
462 2020 498 2070 at
518 2030 577 2090 per
598 2012 776 2070 Sanctitatis
797 2022 914 2072 nestrae
937 2022 970 2072 et
987 2023 1111 2072 sanctae

92 2092 371 2174 sedisapostolicae
394 2097 511 2174 legatas
538 2105 571 2154 et
585 2097 794 2174 praesidentes
815 2107 973 2176 pateretur
994 2101 1112 2158 nemim

93 2175 161 2235 dicti
175 2182 300 2241 concilii
315 2199 333 2240 a
351 2183 520 2242 Sanctitate
536 2192 635 2242 nestra
653 2179 839 2260 confirmatio
859 2185 984 2244 omnium
1004 2194 1037 2242 et
1050 2186 1111 2242 sr'n·

93 2262 234 2338 galeram,
264 2285 342 2346 quae
369 2276 428 2326 tam
453 2265 507 2326 sub
525 2263 588 2345 sel.
611 2286 672 2326 rec.
699 2267 794 2326 Paula
812 2271 868 2328 111.
895 2279 928 2327 et
950 2269 1027 2328 lulio
1045 2271 1110 2342 111,
1121 2289 1163 2332 ara

94 2363 170 2420 paam
186 2351 240 2414 sub
258 2353 429 2412 Sanctitate
450 2361 550 2412 nestra
573 2355 604 2411 in
629 2372 663 2411 eo
688 2354 809 2412 decreta
832 2364 865 2414 ct
885 2352 1010 2431 definita
1031 2365 1110 2413 sunt.

96 2432 277 2514 Quapropter
302 2456 357 2496 aas
378 2439 507 2498 loannes
532 2438 697 2497 cardinalis
718 2439 864 2500 Morantur
891 2449 922 2497 at
946 2440 1112 2498 Ludoeicns

94 2520 248 2580 cardinalis
261 2522 424 2594 Simonem,
443 2522 495 2601 qai
513 2532 582 2582 tana
601 2523 699 2602 legati
714 2534 746 2584 et
756 2523 966 2602 praesidentes
985 2543 1109 2595 eramus,

93 2601 214 2664 uolentes
228 2609 354 2686 exsequi
370 2609 448 2686 qaod
465 2610 495 2668 in
515 2609 594 2668 dicto
610 2609 730 2668 decreto
748 2610 911 2671 stabilitum
921 2607 998 2688 fait,
1018 2611 1112 2670 bami-

94 2683 158 2744 liter
170 2695 297 2766 petrinas
313 2695 431 2754 nomime
450 2694 526 2752 dicti
541 2694 665 2766 concilii
680 2697 864 2754 oecumenici
881 2697 1059 2767 Tridentini,
1078 2703 1114 2755 at

94 2768 236 2837 Sanctitas
253 2788 354 2838 uestra
373 2781 515 2857 dignetur
532 2777 710 2856 confirmare
729 2782 827 2839 omnia
838 2789 868 2838 et
884 2781 1015 2858 srirgala,
1035 2798 1111 2858 puae

95 2861 146 2914 lata
164 2861 215 2920 sub
225 2861 289 2940 sel.
314 2883 374 2924 rec.
395 2865 486 2924 Paulo
502 2865 556 2924 ΙΙΙ.
577 2874 610 2924 et
624 2865 700 2924 lulio
718 2866 791 2935 111„
817 2882 902 2942 quam
919 2864 973 2924 sub
991 2866 1109 2924 Sancti·

95 2945 149 2999 tute
165 2951 263 3008 restra
281 2952 311 3008 in
330 2969 364 3009 ea
384 2951 505 3008 decreta
524 2959 556 3009 et
571 2947 694 3028 definita
711 2960 788 3009 sant.

172 3030 277 3103 Quibus
299 3033 405 3094 auditis
428 3031 573 3094 Sanctitas
596 3054 661 3108 sua,
680 3036 741 3094 viso
765 3044 795 3095 et
818 3035 895 3094 lecto
915 3045 1017 3095 tenore
1036 3034 1106 3097 dicti

94 3102 211 3189 decreti,
230 3130 260 3179 et
278 3119 382 3180 habitis
400 3122 475 3180 votis
493 3119 796 3181 reverendissimorum
815 3118 876 3180 Ill).
896 3139 1024 3180 meorum
1043 3137 1109 3180 car·

95 3185 229 3275 dinalium,
248 3204 400 3284 respondit
418 3224 471 3284 per
488 3205 561 3266 baec
578 3206 683 3268 verba:

171 3289 314 3352 Petitioni
333 3293 450 3352 nomene
474 3293 598 3352 concilii
621 3295 805 3352 oecumenici
829 3292 997 3352 lrr'dcntini
1019 3311 1111 3370 saper

95 3367 150 3425 tius
175 3375 397 3453 confirmatione
414 3396 474 3455 per
496 3378 592 3436 dictas
614 3378 730 3456 legatos
751 3377 837 3437 nabis
849 3373 959 3455 sactae
978 3393 1110 3438 annuen-

96 3455 147 3524 Μὴ
169 3463 264 3520 omnia
288 3471 320 3521 et
339 3463 474 3540 ringula,
499 3464 629 3540 quaein
653 3465 731 3522 dueta
755 3464 882 3524 eoncilia
907 3472 966 3522 tam
983 3461 1037 3522 sab
1047 3460 1109 3540 sel.

95 3549 149 3594 ret·
166 3543 257 3606 Paulo
275 3550 331 3608 ΙΙΙ.
357 3557 390 3606 et
403 3548 481 3610 Iulia
499 3549 555 3607 ΙΙΙ.
573 3547 858 3626 praedecessoribus
874 3550 999 3622 normis,
1024 3567 1109 3627 quum

95 3617 277 3704 Puntrlicatas
300 3636 399 3694 nostri
420 3643 550 3712 tempore
572 3634 694 3692 decreta
716 3643 748 3692 et
764 3632 887 3710 definita
904 3643 986 3705 sant,
1006 3644 1110 3693 aucto·

97 3706 179 3769 n‘tare
197 3720 375 3794 apostoliea,
398 3721 488 3780 etiam
506 3721 543 3780 de
564 3717 777 3780 uenerabilium
786 3714 922 3796 fratrum
940 3728 1109 3779 noseorum

98 3797 282 3864 cardinalium
309 3806 434 3866 consilio
463 3814 653 3876 nascentur,
682 3813 799 3864 matura
826 3823 889 3862 cam
912 3805 973 3863 illm
996 3805 1109 3863 delibe-

98 3879 206 3942 ratione
223 3891 404 3966 praelrabita
427 3889 646 3970 confirmamus,
670 3898 758 3968 atque
782 3889 819 3948 ab
843 3889 974 3948 amnibus
999 3889 1112 3948 Christi
